4167 6625
94 394 183 464 issi
449 393 575 453 vmsto
599 391 742 452 OPERUU
761 391 791 449 S.
813 389 1017 454 dionisii-s
1028 365 1219 450 ctetestis
1237 389 1436 457 temactati,
1685 398 1756 462 inu

95 501 275 563 imam
295 500 838 575 mpumaiurailumquespeettiationum.
857 498 952 564 ΜΛ
963 496 1164 582 similitudines,
1181 513 1241 574 non,
1255 501 1369 560 aestimo
1390 514 1554 574 quemqnam
1571 500 1642 560 best
1653 507 1761 577 sapin-

97 593 179 664 quia
192 600 222 652 et
234 591 288 652 bec
298 590 421 664 mysticis
432 591 549 665 eloquiis
567 600 610 650 est
622 590 854 656 decentissimum.
862 603 913 661 per
963 597 1020 650 tun
1031 589 1228 648 contradicere.
1242 589 1273 656 ln
1283 590 1305 623 ¹¹
1316 589 1425 663 quidem
1435 592 1508 650 cuim
1518 592 1724 664 pretiosioribus
1736 599 1761 647 t·

98 680 401 755 incomprehensibilia
413 683 464 746 αι’
484 681 575 749 mains
587 681 740 752 aenigmata
764 677 913 746 ocosrltare,
962 678 1050 740 sacris
1062 677 1268 738 formationibus
1282 678 1306 712 ¹⁸
1321 693 1491 752 consequens
1511 689 1607 749 estet
1626 683 1651 718 ¹⁸
1667 684 1762 748 seduci

99 784 140 833 et
159 776 261 832 iuriam
283 772 376 830 multis
392 788 494 845 ponere
509 787 616 836 sacram
630 772 806 842 abditamque
819 783 914 846 super·
963 768 1126 828 auriformes
1150 768 1282 844 quasdam
1302 769 1480 834 somniantes
1501 785 1563 831 esee
1584 774 1608 820 ἰ
1630 773 1762 840 nanim

99 863 315 930 mundanorum
335 862 518 919 intellectuum
532 862 685 920 veritatem.
710 860 759 922 Est
771 860 845 917 enlm
857 874 914 920 non
963 861 1107 926 essentias,
1122 870 1151 918 et
1170 861 1302 933 quosdam
1323 861 1396 942 siros
1411 859 1559 934 fulgureos,
1572 863 1762 924 denominan-

98 952 206 1008 onrtris
227 966 327 1017 sacer,
351 966 440 1022 neque
463 950 604 1018 omnium,
630 958 661 1006 ut
685 951 793 1023 eloquia
817 950 912 1011 aiunt,
965 957 1006 1005 tos
1018 951 1190 1018 sentimenta,
1205 950 1320 1014 candide
1334 957 1362 1013 et
1372 949 1451 1022 ignee
1461 950 1632 1025 innocueque
1641 953 1764 1026 resplen-

99 1041 230 1098 scientia
251 1053 276 1097 ¹.
307 1038 338 1097 Si
363 1049 454 1124 annm
482 1040 618 1100 deformes
639 1042 788 1114 imaginum
815 1041 916 1102 deseri,
964 1039 1060 1097 delites
1072 1040 1106 1109 θ’,
1120 1049 1148 1096 et
1164 1040 1371 1113 quibuscunque
1385 1037 1762 1116 aliissimilibusimaginatis

98 1132 242 1214 ptione¹
271 1146 368 1189 causas
400 1131 585 1199 aestimaverit
609 1134 671 1206 qais
693 1133 867 1190 dehonestari
891 1133 914 1202 ⁸,
965 1130 1060 1188 formis
1080 1129 1214 1203 theologia
1231 1130 1361 1189 caelestes
1371 1129 1500 1204 figurarit
1510 1130 1764 1202 intellectusilunrl

99 1222 213 1280 diceas
241 1218 339 1277 referri
363 1220 404 1278 sie
426 1229 519 1293 torpes
543 1221 719 1288 formationes
740 1221 917 1280 deiformibus
965 1221 1075 1292 quidem
1099 1237 1134 1279 ne
1157 1229 1326 1293 paterentur,
1349 1221 1395 1293 qui
1423 1220 1490 1279 nibil
1510 1221 1660 1284 visibilibus
1674 1209 1762 1283 ῆι

98 1319 137 1368 et
154 1307 363 1366 ‘sanctissimis
385 1308 617 1381 dispositionibus,
642 1308 740 1368 scilicit
766 1310 802 1374 ad
827 1311 916 1367 eum·
964 1289 1392 1386 alffissiq‘gmiislbbctornm
1406 1313 1591 1387 theologorum
1607 1315 1762 1376 restitntiua

99 1397 217 1465 dicere,
230 1397 367 1469 quomodo
377 1396 475 1469 duplex
495 1405 538 1454 est
560 1409 671 1456 mactae
689 1397 915 1456 manifestationis
965 1399 1130 1472 sapientiaet
1140 1401 1162 1434 ¹¹
1173 1402 1207 1459 ad
1217 1401 1763 1468 indecorasdissimilitndinesmirabiliter

101 1487 234 1558 medus,
257 1502 329 1544 unus
352 1486 466 1588 Q
489 1486 568 1565 qnasi
593 1500 781 1562 consequens,
805 1496 917 1560 propter
966 1489 1131 1557 descendit,
1156 1505 1210 1550 nou
1236 1492 1388 1551 concedens
1418 1493 1558 1551 materiale
1584 1503 1707 1554 nostrum
1733 1495 1763 1556 itt

100 1573 219 1634 similes
235 1575 453 1647 provenientium
473 1574 486 1607 ⁸
507 1589 646 1632 sacrarum
680 1576 827 1648 ngurarum
851 1575 917 1632 ima·
967 1581 1763 1658 turpinuslmagtnipusmangngrsmqqggoeffinmmm

102 1665 206 1740 gilla,
220 1663 289 1722 allel·
300 1678 366 1746 Q
377 1671 490 1735 propiet
501 1663 649 1721 dissimiles
665 1663 814 1721 formarum
827 1664 916 1722 facill-
965 1689 1031 1730 gero
1044 1687 1152 1731 gur-sum
1165 1688 1261 1732 vergug
1280 1673 1303 1707 ⁸⁰
1321 1674 1438 1731 animam
1457 1675 1492 1743 ⁸¹,
1512 1684 1540 1733 pt
1558 1691 1704 1748 gugggpgpg
1716 1677 1764 1740 dg.

103 1769 172 1823 ras,
183 1754 212 1811 iu
224 1755 336 1811 nmrrino
350 1755 547 1825 inconsequens
559 1763 588 1810 et
599 1755 755 1811 indecorum
771 1754 912 1821 formatus,
966 1761 1105 1818 formitate
1115 1762 1353 1831 compositionum,
1363 1770 1492 1834 tanquam
1499 1761 1764 1836 nequelnssoueqne

101 1846 213 1917 ltaque
226 1845 368 1903 colendam
390 1845 627 1918 superessentialis
644 1849 768 1924 θιαρχίας
790 1848 801 1880 ¹
825 1848 913 1903 beati-
930 1845 1029 1908 litero
1041 1851 1173 1923 probante
1185 1865 1258 1918 esse,
1276 1866 1364 1924 aeque
1383 1852 1460 1910 valde
1482 1853 1679 1921 materialibus,
1698 1853 1763 1926 quia

83 1928 238 1993 Mem
270 1935 530 1993 manifestatitornm
571 1935 741 2008 eloquiorom
783 1937 914 2010 mysticae
963 1940 1003 1995 sic
1018 1939 1141 2011 turpibus
1160 1939 1259 1996 similia
1278 1919 1654 2000 secundi‘rffiermemsun
1669 1956 1763 2014 super·

104 2028 277 2085 traditiones
319 2025 463 2100 aliquando
496 2027 606 2098 quidem
647 2036 679 2084 ut
716 2027 850 2085 rationem
885 2036 915 2085 et
962 2031 1092 2089 caelestia
1109 2041 1138 2088 et
1158 2032 1250 2088 diviua
1274 2031 1438 2102 spectacula.
1468 2032 1522 2092 Sed
1546 2035 1637 2104 itaque
1657 2044 1686 2091 et
1709 2035 1763 2092 inec

102 2115 283 2176 cambecium
301 2127 329 2174 et
342 2118 489 2175 essentiam
502 2116 625 2183 landant,
639 2116 759 2178 divinant
772 2115 911 2175 rationaii·
962 2109 1047 2178 insedi
1083 2129 1243 2191 reoportet,
1265 2121 1439 2182 nibileorom
1456 2095 1762 2193 quaffimffm‘uni

106 2216 200 2266 tatem
222 2209 235 2243 ⁸
255 2218 284 2266 et
307 2209 468 2292 sapientiam
500 2208 559 2288 ejus
583 2207 776 2275 declarantes,
800 2219 828 2266 et
851 2222 915 2265 uere
963 2135 1758 2288 sffimkrsfflnompanlctpanmeminatqupldernut

104 2299 278 2370 eristeoteur
308 2297 531 2365 subsistentiam,
556 2305 586 2355 et
611 2313 727 2365 eorum,
745 2313 815 2370 qnae
837 2307 913 2366 suat,
962 2297 1132 2370 eloquiorum
1143 2299 1244 2358 veritas
1256 2298 1306 2368 ait,
1320 2298 1407 2354 omnin
1428 2298 1684 2356 pannoniensis

106 2388 309 2450 subsistentiae
331 2402 441 2454 eausam
456 2403 559 2458 seram,
586 2396 614 2444 et
637 2386 715 2458 quau
738 2386 829 2445 lumen
851 2403 912 2450 eant
961 2405 994 2447 er
1009 2390 1297 2463 omnibusintelllgere
1311 2389 1398 2447 bonas
1410 2389 1617 2462 speculationes,
1639 2398 1669 2445 et
1686 2387 1761 2450 inte

107 2479 267 2536 reformant
285 2478 308 2547 ⁸,
332 2487 361 2536 et
382 2480 466 2536 uitam
499 2488 609 2549 socam,
630 2465 717 2537 ἴῖιιίἶι
743 2481 913 2539 mirabilibus
962 2480 1084 2542 sibilibus
1105 2488 1134 2536 et
1157 2478 1383 2536 intellectualibus
1395 2493 1428 2534 ex
1443 2479 1564 2535 materiis
1576 2477 1726 2536 reformare
1737 2480 1762 2524 ι’

109 2571 358 2634 reformationibus
391 2572 595 2649 gloriosioribus
628 2574 737 2644 quidem
770 2575 911 2632 existenti·
962 2571 1049 2627 dictas
1060 2569 1207 2627 dissimiles
1218 2567 1408 2626 similitudines
1423 2586 1431 2623 ε
1449 2568 1535 2624 altero
1554 2569 1635 2626 modo
1653 2568 1760 2628 intelle·

109 2663 170 2740 bus
184 2661 219 2727 ¹⁶,
231 2670 259 2718 et
270 2660 424 2717 materiales
446 2662 621 2730 formationes
640 2663 773 2720 excellcre
792 2680 914 2737 quoquo-
961 2661 1096 2719 canalibus
1112 2660 1284 2725 habentibus,
1296 2673 1367 2732 quae
1380 2629 1646 2714 semiflllbu‘s‘aimr
1666 2656 1760 2722 distri·

111 2751 202 2808 motin
216 2752 237 2784 ¹¹
254 2751 387 2823 probatis,
407 2750 594 2810 deicientibus
609 2763 638 2808 et
659 2753 699 2809 sic
720 2754 874 2810 tlrearcbica
890 2755 912 2786 '⁸
962 2752 1026 2807 buta
1046 2759 1119 2808 stmt.
1141 2749 1247 2806 Etenim
1270 2749 1346 2806 furor
1359 2748 1591 2804 irrationabilibus
1604 2747 1712 2818 quidem
1725 2761 1760 2806 cr

112 2823 151 2897 ad
172 2829 314 2897 veritatem
335 2841 520 2899 similitudine.
538 2841 586 2898 Est
607 2841 678 2898 eninr
705 2857 786 2914 super
804 2857 912 2899 onmem
960 2840 1084 2911 passibili
1111 2820 1297 2906 motu'ln‘ch
1327 2847 1355 2895 et
1381 2836 1454 2894 omni
1481 2836 1715 2894 irrationabilitate
1738 2834 1761 2868 ¹⁸

113 2936 266 2991 amariam
278 2936 412 3003 etsitam,
426 2935 501 2992 nullo
520 2936 631 3007 qnidem
657 2936 680 2971 ¹¹
707 2936 793 3007 ipsam
811 2935 913 2993 lumine
961 2940 1003 2987 cst
1023 2933 1140 3002 repletus
1159 2929 1320 2987 furibundus
1336 2943 1431 2986 eorum
1450 2936 1550 2985 motus.
1576 2927 1630 2986 Sed
1653 2925 1762 3010 intelle·

114 3025 520 3097 consentientemque
533 3031 638 3083 ntloue
651 3035 679 3081 et
689 3025 825 3084 intellecto
839 3026 913 3083 simi·
961 3020 1096 3079 ctualibus
1108 3020 1194 3078 altero
1211 3020 1291 3077 niodo
1312 3027 1419 3090 oportet
1436 3017 1573 3075 irascibile
1598 3016 1760 3091 iintelligere,

113 3112 232 3176 litudins
244 3115 328 3186 ipsias
340 3115 590 3187 incomparabiliter
599 3114 746 3174 derelictis.
761 3116 913 3188 Aliquando
962 3089 1301 3177 declamanffie'st‘imo,
1320 3122 1415 3164 corum
1436 3105 1543 3168 uirilem
1563 3105 1762 3162 redonabilita·

112 3173 183 3260 ¹sero
194 3203 371 3262 dissimilibus
377 3202 641 3261 manifestationibus
653 3205 688 3262 ab
694 3191 911 3278 ipsiseioqbiisb
925 3195 948 3261 C
964 3213 1018 3259 tem
1030 3209 1060 3258 et
1070 3199 1201 3257 immitem
1215 3199 1238 3231 ¹⁸
1252 3200 1372 3269 quietern
1387 3199 1415 3252 in
1431 3195 1531 3254 disiuis
1543 3202 1572 3251 et
1585 3193 1761 3251 immutabili·

100 3268 338 3365 {mauram
361 3291 503 3358 amans,
529 3308 590 3353 ea
612 3293 785 3361 russonum,
806 3302 835 3352 es
854 3293 913 3351 rnn-
963 3293 1014 3351 nur
1045 3290 1237 3359 connumerare.
1269 3283 1486 3378 ando
1515 3280 1761 3354 mumpnoenn·

111 3382 231 3463 uitam,
255 3381 654 3461 incomprehensibilemque
678 3383 856 3450 vocantibus,
884 3393 912 3440 et
963 3384 1072 3456 quidem
1095 3397 1156 3441 csse
1181 3378 1296 3438 dicimus
1319 3378 1346 3433 in
1370 3374 1601 3433 irrationabilibus
1624 3370 1761 3431 inconsul-

110 3456 148 3527 ca
164 3471 202 3537 ¹⁸,
214 3484 247 3526 er
261 3471 372 3542 quibus,
390 3488 443 3529 nun
459 3473 525 3546 qnid
549 3480 601 3539 est,
625 3472 673 3529 sed
696 3472 761 3545 quid
783 3486 837 3529 non
859 3482 909 3536 est,
964 3482 1019 3530 tam
1032 3473 1169 3544 quandam
1189 3480 1217 3526 et
1236 3464 1403 3528 materialem
1421 3481 1456 3523 er
1475 3462 1594 3523 naturali
1616 3470 1691 3520 motu
1714 3467 1762 3518 ant

111 3550 298 3635 significator.
317 3561 472 3655 lbsc‘qrum,
484 3572 514 3618 ut
527 3563 653 3631 aestimo,
663 3562 800 3639 potentius
818 3571 862 3619 est
884 3563 911 3619 in
962 3562 1158 3622 consuetudine
1170 3560 1198 3617 in
1210 3557 1384 3623 mutabilibus
1399 3555 1600 3613 incontinenter
1611 3552 1760 3625 ingenitam

114 3653 190 3724 ipsa,
210 3652 338 3723 quoniam
361 3653 480 3724 quidem,
501 3664 532 3711 ut
553 3654 660 3712 occulta
683 3663 712 3712 et
736 3654 912 3713 sacerdotalis
961 3652 1179 3726 passibilitatem,
1193 3657 1221 3709 et
1232 3646 1444 3706 irrationabilem
1455 3643 1607 3718 corporalis
1615 3641 1762 3714 voluptatis

115 3742 229 3801 traditio
255 3743 477 3813 subintroduxit,
504 3762 557 3803 noo
586 3760 648 3805 esse
673 3747 821 3803 secundnm
846 3747 911 3819 quid
962 3743 1278 3812 continuitatem,simul
1295 3757 1376 3801 omne
1399 3739 1498 3795 animal
1524 3734 1708 3807 compellentis
1731 3732 1760 3789 in

115 3846 215 3889 comm
231 3842 386 3903 quaesunt,
408 3849 470 3890 eam
486 3849 550 3891 sere
567 3834 682 3892 dicimos
694 3836 738 3903 ¹⁸;
758 3835 914 3906 ignoramus
962 3835 1111 3893 secundum
1129 3847 1239 3891 sensum
1258 3827 1477 3902 concupiscibile
1500 3825 1567 3883 Cum
1589 3838 1654 3880 vero
1679 3821 1761 3879 dissi·

116 3932 211 3980 antem
245 3923 497 3995 superessentialem
528 3924 615 3997 ipsios
642 3933 671 3981 et
697 3926 857 3983 invisibilem
884 3935 913 3982 et
962 3927 1041 3983 miles
1061 3923 1251 3982 similitudines
1271 3916 1497 3997 intellectualibqs
1515 3915 1760 3984 circumponentes.

117 4013 493 4095 inefabileminilnalrtatesn.
515 4016 545 4073 st
564 4017 646 4089 igitur
661 4017 831 4091 depulsiones
849 4019 870 4051 ¹¹
885 4018 912 4073 ln
961 4014 1208 4087 concupiscentiam
1235 4010 1275 4068 eis
1297 4005 1550 4066 circumformemus
1571 4004 1606 4072 ⁸⁸,
1633 4016 1755 4059 amorem

118 4104 219 4161 dirime
237 4119 326 4171 serae,
349 4104 512 4181 intentiones
526 4104 629 4162 fficio
652 4106 847 4178 incompactae,
864 4107 913 4165 ob
961 4105 1082 4162 disinnnr
1102 4104 1188 4174 ipsam
1215 4099 1365 4172 intelligere
1384 4104 1492 4168 oportet
1510 4109 1592 4168 super
1626 4092 1758 4151 rationem

118 4183 244 4266 scarlati
262 4206 423 4261 arcanorum
448 4195 533 4266 magis
555 4203 618 4268 apta
637 4204 681 4252 cst
699 4210 749 4268 per
768 4176 913 4253 dissimiles
961 4203 990 4252 et
1015 4192 1039 4229 ι·
1061 4191 1226 4250 intellectum
1247 4186 1502 4254 immaterialitatis,
1522 4194 1550 4243 et
1569 4182 1717 4242 inflexibile
1732 4185 1762 4239 et

118 4281 328 4340 referarationes
347 4284 371 4317 ¹'
385 4271 576 4341 manifestatio.
596 4269 630 4341 lit
650 4300 722 4342 nuuc
744 4286 835 4357 itaque
858 4302 912 4343 non
961 4294 1016 4339 uon
1029 4279 1155 4353 indigens
1171 4277 1334 4336 desiderium
1355 4272 1617 4349 superessentialiter
1633 4277 1762 4328 casticet

121 4364 214 4444 t'nrpes
228 4372 333 4446 replent
348 4373 478 4431 caelestes
497 4357 795 4449 ornatusf‘el'n’qnib'rir‘r‘n
816 4389 913 4441 sacrne
962 4365 1136 4442 inpassibilis
1154 4367 1397 4440 contemplationis,
1419 4364 1500 4422 etad
1520 4363 1592 4419 ibam
1615 4372 1711 4432 puram
1733 4367 1761 4415 et

121 4463 336 4535 descriptiones,
355 4465 531 4522 dissimilibus
557 4481 605 4523 eos
630 4465 777 4525 formarum
800 4466 913 4529 facturis
961 4458 1181 4520 sublimissimam
1196 4457 1358 4524 claritatem,
1380 4465 1408 4514 et
1430 4450 1591 4510 invisibilem
1605 4445 1759 4508 etformill·

121 4540 336 4633 rnanifestantes
356 4562 383 4611 ct
402 4570 450 4627 per
469 4554 519 4612 iras
535 4538 708 4624 ostendentes
724 4553 909 4621 materialibus
925 4543 1021 4611 [icam
1035 4550 1262 4637 pulchritudinem
1275 4559 1403 4605 aeternae
1425 4559 1488 4602 vere
1508 4552 1537 4599 ct
1550 4538 1694 4598 invisibilis
1714 4552 1759 4595 so·

121 4640 201 4718 simoi
212 4643 338 4701 omnibus
347 4628 594 4715 supermundalium
607 4645 629 4677 '⁰
642 4644 825 4715 excellentias.
843 4646 912 4713 Quia
962 4642 1077 4708 cietatis,
1102 4649 1131 4699 et
1154 4639 1236 4697 veluti
1256 4638 1279 4672 ⁸¹
1305 4637 1452 4709 potentiam
1477 4632 1578 4703 exeipit
1602 4628 1711 4701 quidem
1731 4625 1760 4682 iu

113 4746 187 4807 ‚vem
198 4743 227 4792 et
242 4744 364 4793 nostram
377 4735 498 4792 animum
511 4735 643 4793 reducunt
661 4718 747 4807 magis
768 4712 913 4793 dissimiles
962 4733 1105 4792 sufficienti
1114 4704 1371 4794 etffisersibili,
1383 4737 1436 4784 eta
1449 4724 1522 4780 nullo
1531 4720 1611 4793 affligi
1621 4716 1761 4776 salente⁸¹

762 4823 891 4902 lanian
909 4842 1111 4901 tnerronns.

174 4954 214 5011 ist
227 4954 328 5011 ont-A.
382 4955 636 5018 ’Edeseripticnis
692 4957 927 5012 'Ainbencstnnt
977 4956 1080 5011 ttae.
1131 4952 1275 5009 ⁸llanc.
1330 4946 1625 5020 ‘boemiensem
1669 4943 1761 5028 'libii

125 5044 148 5081 r.
164 5041 186 5080 ι.
196 5023 350 5079 diuinitatis.
400 5024 557 5090 *Sicblh
582 5024 626 5080 ΒΙΙ
650 5024 856 5080 rationabilem.'
891 5025 1088 5097 infernum.
1143 5022 1209 5078 ¹‘ll
1234 5020 1436 5094 formationibus
1458 5015 1613 5073 castioribus
1633 5025 1762 5070 mortenn-

126 5096 182 5150 ltas.
228 5094 249 5126 ¹¹
266 5092 309 5149 titt
358 5095 461 5149 amodo.
512 5094 679 5149 ¹¹Artininn·
728 5093 972 5165 'infamissime
999 5094 1042 5128 '¹⁸
1061 5090 1427 5158 detincomnreiensiiiient.
1478 5086 1502 5119 ¹⁸
1524 5084 1646 5157 Aquae.
1694 5081 1760 5137 “al

127 5162 272 5220 wesen
310 5165 318 5195 ¹
346 5164 538 5234 negationes.
576 5162 838 5237 ”infirmationem
876 5165 1125 5232 ”Aforntationen
1163 5162 1187 5198 ’ἱ
1203 5160 1248 5216 ltll
1270 5154 1533 5232 supermundialium.
1580 5155 1606 5235 ’ξ
1622 5151 1675 5207 Pro
1691 5146 1728 5230 ln
1737 5149 1759 5207 li

129 5232 189 5290 Per.
223 5232 482 5303 ’'bareciosiores.¹
508 5230 532 5266 ⁸⁸
549 5230 672 5287 Asseros
685 5231 866 5301 formationes.
904 5233 927 5266 ¹⁸
946 5245 970 5288 et
983 5249 1027 5289 orn
1040 5234 1079 5293 Α.’
1111 5222 1269 5295 beescam.
1282 5230 1316 5285 t.
1354 5225 1531 5305 ’'rnmdsus
1549 5229 1578 5278 et
1595 5235 1699 5293 snmus
1717 5234 1758 5272 ιιι·

130 5317 234 5358 sscttsr
301 5310 401 5373 'penum
438 5300 613 5356 ’'etom.ti.
650 5299 870 5358 ”bremensem
909 5303 1119 5375 ''llqniercerc.
1156 5300 1180 5336 ⁸⁸
1195 5300 1227 5354 'A
1245 5299 1343 5369 ferens.
1390 5296 1413 5328 '¹
1437 5296 1461 5352 Α
1481 5307 1594 5349 curmae.
1631 5288 1655 5321 ’⁸
1677 5287 1701 5340 Α
1723 5300 1759 5347 es

129 5371 436 5442 wensiestonam.
473 5371 624 5426 ”domnis
636 5368 884 5427 irrationabilitatis.
923 5372 1142 5428 ”emmaum
1180 5366 1509 5439 ''beircssnfcrnsmnsn
1527 5360 1552 5395 ⁸⁸
1593 5366 1619 5415 st
1639 5370 1695 5417 otu·
1722 5355 1759 5421 bs
1814 5412 1816 5419 ,

129 5438 237 5511 beton
251 5456 305 5497 οιιι.
320 5440 350 5497 Β.
395 5439 562 5496 *ianuile
574 5438 700 5511 adligitur
710 5438 821 5496 virtute.
1126 5438 1130 5447 ’
1222 5438 1239 5449 ”

887 5547 1011 5608 NOTAE.

161 5663 288 5721 allano
309 5665 372 5729 lill;
392 5664 401 5719 l
419 5664 481 5720 Cur.
503 5663 533 5719 ll.
784 5674 787 5677 “
1002 5674 1013 5702 ⁶
1033 5662 1101 5721 Gen.
1118 5663 1140 5718 1.

163 5733 271 5815 iboni.
295 5733 349 5800 ΧΙῑ
368 5733 378 5790 l
398 5733 466 5789 Tim.
490 5733 539 5799 l'l;
561 5731 630 5787 Psal.
650 5730 727 5812 CXL·
1126 5728 1132 5747 ⁸
