4167 6625
159 427 210 485 ltu
521 427 623 488 ubba
642 433 685 489 bu
704 427 1057 488 rutubusrttttrtobu.
1077 461 1113 473 -
1132 427 1179 486 ub
1203 428 1397 489 LECTOREM.
1714 440 1778 500 'wi

155 539 405 611 praedestinatum
424 538 497 596 ineo
520 544 614 612 procul
635 542 716 599 dubio
739 541 862 598 babitare
888 555 950 596 cnm
971 541 1067 596 beatos
1080 546 1136 595 tum
1159 539 1295 607 miseros;
1322 541 1410 612 ignem
1425 549 1563 602 aeternum
1582 523 1666 604 istum
1689 548 1778 621 ipsrrm

155 643 283 704 quartum
299 633 389 686 mundi
403 632 565 690 elementum
579 650 648 703 esse,
665 637 710 691 ubi
728 650 840 706 corpora
861 645 1015 691 sanctorum
1030 634 1058 689 iu
1081 633 1237 690 aetheream
1259 643 1397 691 mutantur
1420 639 1598 709 qualitatem,
1623 644 1778 714 iniquorum

152 741 220 782 sero
238 741 348 794 corpora
364 726 391 779 in
403 743 509 783 acroam
528 729 685 800 qualitatem
707 731 761 784 sint
775 731 937 796 transitura3
956 732 983 785 in
1000 744 1080 800 eoque
1095 739 1252 785 naturarum
1264 731 1335 786 intra
1346 747 1376 786 se
1393 734 1516 790 mirabile
1539 737 1629 806 perfici
1638 740 1776 811 paediam,

151 820 286 875 molarum
322 835 387 874 sero
409 821 574 877 voluntatum
603 823 734 880 ineffabile
758 832 936 889 tormentum;
961 832 990 878 et
1012 824 1049 879 ita
1073 824 1217 894 impiorum
1239 825 1375 890 omnium,
1391 827 1547 896 angelorum
1571 830 1775 905 bominumque,

41 931 62 944 ·
148 929 263 985 corpora
278 915 409 985 supplicia
425 915 493 984 ignis
516 916 616 970 aeterni
631 932 800 988 perpessura,
821 925 852 972 ut
866 918 1019 988 integritate
1031 932 1125 973 eorum
1140 917 1291 973 substantia
1314 920 1388 975 nullo
1413 924 1492 977 modo
1514 924 1655 994 peritura,
1679 941 1775 984 eorum

148 1012 352 1084 pulchritudine
367 1013 526 1068 nullomodo
534 1012 670 1074 delatura,
683 1030 775 1068 corum
791 1013 906 1067 reatrnali
922 1013 1105 1069 incolumitate
1118 1028 1305 1083 pennansura,
1319 1016 1443 1072 omnibus
1455 1017 1551 1074 deinde
1562 1028 1674 1077 natume
1696 1021 1775 1079 bonis

145 1109 381 1164 adunirersitatis
401 1117 589 1163 cannamomum
614 1109 727 1164 mirabili
751 1110 845 1164 ordine
868 1109 1024 1175 refulsuris,
1053 1117 1167 1180 excepta
1194 1109 1369 1177 beatitudine,
1397 1128 1450 1182 qua
1473 1112 1623 1182 prirentur,
1649 1123 1775 1173 aeternas

143 1204 285 1274 patiantur
298 1218 452 1258 aerunrnas.
478 1202 561 1257 ileum
580 1217 634 1256 non
653 1217 713 1258 esse
726 1213 874 1268 auctorem,
890 1204 1018 1260 lactarem
1045 1203 1249 1273 suppliciorum.
1263 1205 1367 1260 Poenus
1382 1206 1453 1261 mala
1466 1222 1537 1272 esse,
1551 1208 1664 1277 ideoque
1676 1224 1692 1263 a
1704 1209 1773 1276 boo,

144 1311 232 1376 aquo
247 1311 300 1351 nou
313 1297 349 1351 sit
362 1296 472 1361 malum,
487 1312 540 1352 non
554 1312 623 1352 esse.
639 1298 721 1352 heum
734 1314 786 1353 non
800 1298 905 1367 punire,
917 1298 988 1369 quod
1003 1298 1076 1364 lecit,
1093 1314 1142 1354 uec
1159 1299 1192 1353 ab
1205 1299 1256 1370 eis,
1266 1315 1335 1370 qnae
1347 1300 1420 1367 iecit,
1438 1301 1570 1357 naturalia
1584 1301 1652 1357 bona
1667 1303 1771 1361 tollere.

144 1385 230 1447 &urar
245 1392 272 1447 in
288 1408 320 1447 ea
334 1402 441 1458 natura,
458 1408 538 1464 quam
553 1392 667 1458 crearit,
681 1407 787 1463 semper
799 1393 931 1447 hahitare.
945 1393 1035 1461 ignem
1051 1401 1191 1447 aeternum
1205 1394 1238 1448 ad
1252 1394 1382 1448 urendum
1393 1394 1527 1450 diabolum
1540 1406 1568 1453 et
1581 1398 1689 1470 angelos
1701 1400 1771 1471 elue,

141 1502 193 1544 aec
208 1487 243 1541 ad
265 1488 388 1543 bomirres
409 1488 569 1543 cruciandos
589 1488 688 1542 tactum
701 1501 770 1541 esse.
785 1486 906 1552 biabolo,
921 1495 1061 1556 postquam
1077 1488 1186 1542 aethere
1200 1486 1324 1542 detrusus
1348 1488 1394 1553 sit,
1411 1487 1458 1542 ubi
1478 1488 1505 1542 in
1521 1491 1647 1547 aethereo
1658 1505 1773 1563 corpure

139 1599 196 1639 non
210 1593 319 1654 poterat
341 1599 442 1656 poenas
456 1585 569 1650 sentire,
587 1583 708 1638 additum
721 1598 781 1639 esse
794 1597 892 1652 eorpus
905 1584 1021 1649 aerirrm,
1034 1584 1061 1637 in
1078 1598 1131 1654 quo
1145 1583 1234 1654 ignem
1248 1583 1361 1638 sentiret
1378 1600 1402 1638 s.

173 1702 250 1758 baec
266 1703 363 1772 hisque
374 1702 473 1758 similia
489 1719 570 1772 qnnm
582 1701 608 1757 l.
623 1701 719 1757 &otus
737 1716 772 1756 ex
791 1700 906 1757 decretis
919 1715 983 1755 suae
993 1700 1180 1772 philosophiae
1193 1710 1287 1758 contra
1306 1711 1414 1758 sanctae
1426 1702 1563 1759 Ecclesiae
1575 1712 1601 1760 et
1615 1713 1771 1763 sanctarum

134 1796 345 1867 scripturarum
360 1796 510 1852 doctrinam
525 1806 618 1867 aperte
636 1793 801 1867 protulisset,
815 1794 878 1864 qaid
891 1794 1001 1861 mirum,
1016 1796 1087 1866 qnod
1112 1797 1157 1862 iis,
1179 1797 1225 1866 qui
1240 1796 1328 1868 ipsum
1350 1797 1383 1852 ad
1399 1798 1471 1853 lrunc
1484 1798 1582 1853 librum
1602 1799 1772 1858 ouudcndum

133 1893 314 1965 inpulerant,
329 1901 439 1948 noceret
453 1893 538 1962 magis
553 1907 633 1961 quam
652 1891 810 1961 prodesset?
822 1891 877 1949 bac
888 1892 955 1948 satis
966 1892 1126 1963 intelligitur
1138 1893 1204 1965 qnid
1217 1895 1264 1962 sit,
1276 1895 1347 1965 quod
1363 1895 1524 1952 llincmarus
1537 1898 1769 1971 archiepiscopus,

131 1987 208 2044 inter
219 1987 349 2059 aequales
368 1985 447 2042 lacile
468 1986 710 2058 prudentissimus,
738 1986 869 2041 loannem
891 1985 1000 2041 Scotum
1014 1987 1145 2052 evocarit,
1168 1987 1213 2057 qui
1234 1996 1325 2058 partes
1347 2002 1412 2043 suas
1430 1988 1473 2043 tali
1489 1991 1590 2061 scripto
1604 1993 1770 2053 detenderet.

130 2082 302 2139 Prudentius
315 2097 379 2137 uero
392 2082 426 2136 iis
442 2079 553 2136 Scounn
568 2081 650 2136 armis
665 2081 779 2135 adorsus
791 2087 843 2144 est,
855 2080 953 2149 quibus
965 2080 989 2133 is
1000 2079 1127 2135 resistcre
1140 2080 1185 2134 rix
1200 2088 1316 2150 poterat,
1335 2082 1540 2139 auctoritatibus
1553 2096 1709 2144 sanctorum
1720 2090 1771 2147 Pa-

130 2187 219 2233 trom.
236 2177 360 2245 Quorum
375 2176 448 2232 locos
462 2176 618 2230 innumeros
631 2176 784 2245 congessit,
809 2172 973 2244 scutumque
991 2174 1107 2229 aulicum
1120 2174 1294 2229 acerbissime
1308 2176 1475 2244 perstrinxit.
1502 2177 1557 2233 Nec
1570 2182 1721 2250 onrlsimas,
1736 2200 1769 2240 es

129 2270 278 2327 Prudentii
295 2291 304 2324 r
323 2268 553 2341 decapitulatione
568 2288 592 2334 r,
606 2284 686 2341 quam
700 2270 733 2324 ad
746 2268 847 2323 calcem
859 2268 950 2339 operis
963 2267 1004 2322 sui
1019 2265 1127 2330 adiecit,
1141 2266 1278 2333 nonnulla,
1300 2267 1398 2338 quibus
1411 2268 1522 2341 singulis
1544 2270 1617 2327 Scoti
1632 2275 1771 2333 erroribus

129 2364 319 2429 mederemur,
337 2379 387 2419 suo
400 2363 543 2418 lacoontis
555 2363 664 2419 addere.
685 2362 720 2420 Ut
731 2377 796 2418 uero
808 2377 908 2418 noscas
925 2377 1012 2428 arma,
1026 2377 1096 2432 quae
1108 2369 1199 2418 noster
1213 2362 1263 2417 boc
1283 2363 1384 2433 scripto
1405 2363 1432 2420 in
1453 2380 1483 2420 se
1496 2368 1638 2434 convertit,
1654 2370 1770 2426 nonnul·

128 2456 170 2514 lus
184 2456 322 2513 librorum
334 2457 472 2513 Prudentii
490 2464 518 2513 et
530 2457 603 2512 flori
622 2457 741 2528 integros
752 2456 835 2523 locus,
851 2472 901 2512 nec
913 2472 966 2511 nou
977 2457 1093 2512 duarum
1106 2458 1268 2528 synodorum
1280 2455 1382 2529 judicia
1396 2458 1550 2517 adscribere
1565 2461 1646 2518 lubet.

164 2553 334 2609 Prudentius
349 2553 421 2608 enim
435 2553 463 2608 iu
477 2551 640 2624 praelatione
661 2551 722 2607 libri
745 2551 786 2607 sui
799 2591 808 2617 ,
822 2566 894 2621 quae
913 2550 1050 2607 Weniluni
1071 2552 1277 2622 archiepiscopo
1297 2551 1445 2610 Sunonensi
1464 2554 1637 2624 inscribitur,
1659 2560 1700 2617 sia
1721 2577 1768 2617 or·

126 2656 212 2711 ditur
227 2674 236 2710 ε

165 2779 314 2840 Ascensus,
326 2782 404 2846 prout
417 2773 489 2828 deret
500 2782 578 2843 atque
590 2778 700 2840 oportet,
712 2769 767 2825 selo
787 2769 932 2824 catholicae
943 2769 1007 2838 fidei
1020 2777 1045 2824 et
1057 2784 1133 2824 serae
1155 2770 1274 2826 cansam
1296 2771 1406 2841 allecta,
1417 2782 1491 2844 pater
1502 2775 1660 2842 beatissime,
1673 2779 1768 2836 misisti

127 2873 198 2927 anibi
213 2871 347 2942 quomam
368 2868 534 2932 schedulam,
549 2867 637 2921 decem
651 2875 676 2921 ct
688 2881 777 2921 norem
796 2864 911 2936 capitula
925 2864 1100 2918 continentem
1123 2879 1156 2918 ea
1168 2863 1234 2919 libro
1248 2865 1388 2935 cujusdam
1406 2865 1478 2922 Serti
1488 2868 1593 2933 selecta,
1616 2887 1634 2923 a
1656 2882 1766 2940 nostro,

129 2978 159 3023 ut
175 2968 228 3030 ais,
242 2983 270 3021 se
286 2964 478 3036 quodammado
491 2963 620 3019 intellecta
641 2962 804 3026 dissuenda,
820 2976 915 3031 roquos
929 2968 954 3013 et
975 2974 1104 3022 manens,
1130 2967 1159 3011 al
1178 2974 1346 3030 quaecunque
1368 2961 1396 3014 in
1414 2960 1451 3014 eis
1473 2977 1491 3013 a
1506 2977 1567 3015 uero
1590 2963 1765 3020 exorbitantia

128 3063 329 3133 comperissem,
342 3059 482 3129 unicuique
495 3058 528 3112 de
541 3057 615 3112 libris
635 3055 789 3127 euanqelieir
799 3063 823 3108 et
835 3053 1021 3109 catholicorum
1032 3052 1169 3105 doctorum
1181 3051 1381 3107 auctoritatibus
1393 3051 1507 3106 dementi
1520 3053 1635 3123 capitulo
1649 3071 1765 3127 eanqrua

127 3159 311 3230 depressamm
330 3153 432 3208 abunde
450 3169 583 3223 responsa.
603 3151 704 3217 Quibus
724 3150 840 3205 decursis
862 3147 1021 3219 solliciteque
1035 3145 1186 3217 perspectis,
1197 3148 1279 3216 reperi
1291 3146 1318 3202 in
1332 3147 1369 3201 eis
1392 3145 1667 3218 Pelaqianaeuenena
1684 3151 1764 3220 perpi-

129 3254 204 3318 dice,
219 3261 244 3305 et
259 3249 396 3322 aliquoties
411 3246 530 3320 Oripenis
544 3247 697 3312 amentiam,
712 3245 971 3317 collyrianorumque
983 3242 1175 3298 baereticorum
1187 3241 1377 3312 fumositatem,
1402 3260 1514 3316 quarum
1532 3246 1628 3299 noento
1647 3247 1765 3303 acatba·

131 3349 200 3404 licre
217 3348 280 3417 fidei
299 3344 442 3400 cultoribus
455 3360 487 3398 ac
505 3341 756 3414 praepuqaatoribas
773 3338 942 3393 solidissimis
966 3337 1095 3407 confutati
1109 3352 1269 3407 censuraque
1275 3338 1439 3407 justissimae
1453 3342 1598 3398 mensoris
1608 3343 1690 3399 multa
1703 3355 1763 3402 ante

132 3452 224 3512 uoqtro
245 3450 362 3509 tempora
384 3439 502 3494 damnati
517 3447 589 3493 sunt.
603 3436 742 3500 intremui,
757 3435 851 3504 fateor,
861 3442 887 3487 et
901 3434 1001 3504 eapaul,
1017 3442 1054 3487 tal
1071 3430 1133 3486 alim
1145 3448 1257 3496 errares,
1272 3449 1331 3487 caua
1348 3434 1403 3488 suis
1429 3436 1643 3507 auctaribasp'am
1653 3441 1762 3509 sapitas,

133 3538 230 3595 matris
243 3536 328 3592 denuo
340 3534 497 3604 temporibus
509 3530 655 3604 pullulare,
675 3539 699 3583 et
711 3529 858 3595 deficientes
872 3527 1005 3598 quandam
1018 3526 1105 3597 lamas
1127 3543 1192 3581 noan
1216 3542 1321 3581 rursum
1335 3527 1487 3583 accensione
1498 3546 1651 3602 erumpere,
1670 3536 1763 3606 suique

133 3633 265 3687 noeietate
275 3627 417 3683 multarum
429 3626 517 3681 oculas
538 3623 662 3694 aaliqare.
677 3621 789 3688 Quibus,
803 3630 831 3675 ut
847 3621 979 3692 jusseras,
996 3620 1144 3689 refellendis
1167 3636 1226 3676 rum
1241 3621 1358 3677 ammam
1377 3639 1498 3692 pararem
1513 3626 1651 3697 appellere,
1663 3628 1761 3685 labaris

133 3724 290 3795 difficultate
302 3723 454 3793 perterritus
475 3719 650 3774 deliberabam
668 3719 771 3788 pennus
788 3717 970 3770 amittendam.
989 3713 1083 3769 Verum
1108 3715 1236 3771 monentis
1255 3716 1411 3772 auctoritate
1423 3734 1550 3788 perpensa
1572 3723 1638 3777 duel
1659 3726 1759 3796 satius,

132 3837 193 3875 cuer
214 3819 304 3884 fructu
324 3817 495 3884 obedientiae,
524 3814 572 3871 etsi
590 3816 677 3869 minus
700 3813 797 3882 pleno,
816 3812 981 3882 aliquatenus
1002 3808 1065 3873 labi.
1079 3827 1158 3881 quam
1178 3820 1303 3880 paternae
1322 3813 1479 3868 reuerentiae
1497 3814 1637 3871 timiditate
1655 3819 1761 3888 rtupida

130 3917 274 3973 contraire.
292 3913 430 3968 Animatus
442 3914 529 3983 ltaque
549 3911 649 3965 meritis
671 3908 787 3979 roqantis
802 3908 999 3978 arationumque
1019 3905 1208 3960 instantissrma
1222 3906 1337 3974 paritate
1357 3905 1492 3960 scribentis
1507 3908 1591 3962 risum
1609 3918 1646 3963 est
1665 3908 1761 3967 libram

130 4013 255 4076 eundem,
269 4010 293 4065 si
305 4027 358 4080 qua
370 4008 437 4078 [arte
450 4005 560 4061 inueniri
570 4013 666 4075 posset,
679 4002 796 4071 diliqenti
810 4002 961 4054 ramositate
979 4000 1138 4070 perquirere,
1151 3997 1227 4062 caius
1245 3997 1309 4053 serie
1332 3997 1624 4067 salebrosastantorum
1642 4019 1760 4061 errorum

130 4108 258 4161 tartiams
279 4102 390 4160 ualerem
400 4099 506 4169 facilius
519 4098 625 4153 intueri.
650 4096 708 4162 Quo
731 4096 816 4167 qratia
837 4094 1027 4165 liciumque
1045 4092 1111 4148 nilril
1132 4110 1189 4149 sana
1205 4104 1230 4149 et
1246 4092 1312 4149 rribil
1328 4109 1444 4164 passum,
1460 4102 1489 4149 ut
1507 4105 1675 4167 optaveram,
1689 4115 1762 4157 asse·

131 4207 192 4251 cura
205 4196 373 4266 deprehendi,
386 4203 514 4264 quantum
526 4192 649 4247 diuinitas
667 4190 811 4262 inspiratus
822 4191 907 4260 patui.
924 4186 1037 4260 Pelaqii,
1048 4185 1180 4253 caelestii,
1192 4204 1332 4258 earumque
1347 4187 1465 4259 sequacis
1484 4206 1516 4244 aa
1526 4190 1671 4262 defensoris
1687 4210 1761 4250 acer-

132 4291 203 4354 rirui,
215 4288 477 4358 tutonapcronnia
485 4295 648 4350 sectatorem,
663 4283 793 4339 loannem
813 4283 928 4337 uidelicet
941 4281 1059 4348 Scotum,
1074 4292 1148 4337 tanta
1161 4283 1322 4353 inepudenu'a
1336 4284 1496 4339 orthodoxae
1506 4285 1570 4355 fidei
1585 4284 1761 4359 Patribusqaa

132 4382 274 4438 commitis
284 4381 465 4448 oblatrantem,
473 4397 505 4436 aa
514 4381 537 4435 si
548 4396 616 4434 unrrs
623 4377 878 4465 spirituslalianum
888 4377 1068 4446 loannemque
1077 4376 1205 4440 docuerit,
1213 4393 1280 4430 anus
1291 4376 1410 4447 idemque
1419 4378 1526 4446 spiritus
1535 4379 1605 4435 ineis
1612 4382 1702 4451 luerit,
1713 4399 1760 4439 aee

132 4471 231 4543 dispar
241 4469 348 4537 spiritus
359 4486 403 4538 per
419 4484 509 4524 earum
520 4466 624 4537 linquas
637 4475 675 4520 tot
686 4476 823 4535 tantasque
834 4463 1053 4535 blasphemiarum
1067 4478 1178 4518 neumas
1192 4465 1343 4519 euomuerit.
1359 4462 1430 4519 Nam
1444 4474 1469 4519 et
1480 4468 1624 4535 qrataitam
1636 4468 1685 4524 bet
1696 4486 1760 4538 qra-

132 4567 201 4621 tieur
209 4562 333 4635 perillus
345 4563 512 4635 iurpuqnant,
526 4571 551 4617 et
564 4561 615 4617 Dei
626 4561 759 4631 justitiam
769 4559 889 4616 similiter
900 4560 1039 4630 deneqant,
1055 4568 1079 4613 et
1093 4557 1221 4630 ariqinale
1231 4567 1374 4629 peccalum,
1387 4559 1458 4630 qaod
1472 4568 1604 4616 nomentan
1617 4563 1757 4632 arabimus,

132 4677 238 4735 quoque
248 4660 357 4715 nonnisi
367 4661 471 4716 caelesti
479 4661 565 4732 qratia
571 4676 618 4730 per
626 4657 946 4730 mysteriumbaptismatis
954 4656 1246 4722 saluimur,lndissimili
1255 4656 1409 4727 parrulitate
1418 4656 1580 4723 dissuadent,
1599 4657 1759 4731 arqutilsqua

131 4758 278 4814 Martiale
288 4756 420 4811 simillima
428 4756 687 4826 sanitatedesipiunt.
697 4753 878 4809 llectissimam
887 4755 964 4808 etiarn
974 4752 1327 4821 sanctarumScripturaram
1336 4751 1493 4807 intellectum
1499 4751 1758 4827 Patremquecatlra-

131 4853 245 4908 &arum
254 4866 359 4906 unsara
365 4849 534 4905 sanissimam
544 4858 598 4903 tarn
611 4849 739 4903 condano
753 4848 920 4901 sancasium
931 4856 1089 4918 pervertunt,
1101 4863 1133 4902 ac
1144 4849 1167 4904 si
1180 4864 1313 4920 nunquam
1322 4847 1447 4903 aduersus
1460 4862 1549 4901 aarum
1559 4863 1659 4904 errores
1680 4847 1758 4918 qaid·

131 4946 291 5016 pinsentis
301 4945 446 5000 actitatum.
456 4944 557 5010 Quibus
569 4958 628 4998 mm
638 4960 654 4998 a
666 4942 792 4997 Patribus
800 4943 987 5014 praecipueque
1000 4941 1147 4998 beatissima
1157 4942 1301 5012 dupustina
1320 4943 1551 5013 competentissime
1565 4940 1760 4997 abundantissi-

131 5056 226 5112 rrraquc
248 5054 399 5110 responsum
418 5038 514 5108 luent,
536 5052 698 5108 nequaquam
710 5052 751 5090 sne
764 5036 984 5106 praesumptionis
996 5053 1012 5091 a
1022 5037 1074 5108 piis
1086 5035 1223 5092 halamius
1233 5036 1332 5092 credidi
1341 5036 1561 5103 iudicandum,si
1580 5036 1633 5091 tuis
1652 5036 1759 5092 maniis

132 5137 249 5191 mute
260 5137 356 5205 pietate
368 5134 477 5189 libenter
491 5134 642 5204 obsequens,
658 5132 767 5201 operam
779 5148 826 5203 pra
847 5131 893 5186 uili
901 5134 1019 5203 portione
1031 5132 1059 5187 in
1072 5133 1184 5187 donaria
1194 5130 1356 5187 tabernaculi
1369 5131 1477 5187 Domini
1497 5131 1557 5197 aad,
1568 5147 1636 5203 quae
1648 5132 1758 5201 passim,

132 5229 281 5301 relinquens
290 5227 433 5298 potioribus
445 5243 476 5281 aa
485 5226 656 5289 doctioribus,
666 5241 782 5295 quaeqae
795 5224 888 5279 melias
903 5225 1060 5281 noluerintet
1068 5226 1194 5281 noluerint
1205 5225 1349 5296 offerenda.
1362 5224 1418 5281 Nec
1429 5240 1515 5296 posse,
1530 5233 1558 5280 ut
1567 5227 1605 5279 ait
1617 5222 1647 5280 S.
1663 5223 1759 5279 liiera·

132 5342 238 5396 symm,
248 5324 358 5379 alterius
369 5338 430 5392 apes
440 5321 549 5377 alterius
562 5328 714 5391 paupertate
725 5321 839 5389 [sedari.
852 5319 951 5375 bidens
962 5322 1044 5392 iqitar
1052 5323 1079 5374 in
1090 5321 1150 5391 ejas
1157 5322 1254 5391 qratia,
1265 5338 1317 5392 qaa
1328 5320 1520 5392 praevenimur,
1528 5326 1556 5372 ut
1566 5317 1628 5372 bene
1639 5313 1757 5382 uelimus,

132 5419 327 5488 smuquimur,
335 5414 474 5487 nefrustr'a
483 5414 599 5479 uelimus,
611 5414 733 5470 renatam
743 5414 853 5469 Petram
866 5418 986 5470 consonis
995 5417 1132 5486 peraurnia
1141 5415 1254 5486 papinio,
1264 5415 1536 5487 qaidqaisqucearum
1545 5410 1657 5466 antidoti
1666 5417 1757 5464 cantra

133 5516 225 5571 eadem
234 5531 332 5570 resena
343 5513 634 5583 coniecerit,dercrpere
647 5512 758 5582 fideliter
768 5512 867 5574 ourani,
881 5511 997 5580 praelixa
1009 5510 1136 5581 cujusque
1144 5510 1257 5564 dartana
1268 5510 1380 5577 nomine,
1394 5507 1510 5579 libroque
1519 5505 1617 5575 pariam
1627 5502 1757 5559 intimata.

140 5607 223 5664 Verba
235 5623 338 5679 quoque
349 5606 464 5676 ejusdem
475 5606 596 5672 loannis,
612 5615 641 5660 ut
659 5607 691 5661 ab
706 5622 737 5660 en
750 5605 851 5675 diqeuo
868 5615 940 5670 sunt,
959 5602 1077 5674 pluribus
1096 5603 1160 5658 lacis
1173 5604 1288 5669 inserui,
1301 5602 1449 5674 praeposita
1463 5601 1542 5656 etiam
1562 5597 1664 5653 nomine
1676 5595 1758 5666 ipsius

135 5719 193 5758 cusu
203 5702 372 5789 praecedente
384 5700 449 5755 illud
462 5711 539 5766 nata,
558 5717 625 5771 quae
634 5717 724 5773 quaere
736 5700 833 5755 dicitur
847 5700 922 5764 bico,
933 5714 1012 5771 mem
1023 5699 1157 5755 semendis
1171 5697 1325 5767 capiamibas
1346 5694 1556 5750 damnandarum
1578 5689 1659 5762 aliqui
1679 5704 1757 5758 prae·

136 5801 247 5855 scribere
270 5797 397 5852 solebant.
422 5797 453 5853 Si
471 5797 561 5853 multis
581 5797 651 5855 enirn
672 5813 724 5852 nan
742 5795 819 5852 uerba
833 5793 891 5864 rjus
913 5795 1072 5861 interamni,
1090 5810 1158 5865 quac
1176 5791 1333 5862 loquacitate
1356 5790 1437 5845 nimia
1456 5786 1598 5859 leqentibus
1620 5784 1757 5856 lastldlum
