4167 6625
386 431 456 490 tarr
806 432 946 490 nontam
965 432 1067 488 rava
1086 437 1109 486 u
1126 432 1305 486 cusanca
1324 435 1367 488 er
1387 436 1555 491 ocenum.
1944 449 2000 505 asu
2067 503 2068 520 Ν

386 545 536 614 perlectum
549 544 690 601 desursum
708 557 769 598 esse
784 543 951 600 descendeus
966 559 980 598 a
994 541 1077 598 Patre
1098 542 1179 596 lumi·
1193 544 1219 604 Α
1232 541 1270 598 ris
1285 544 1383 608 nostri,
1395 544 1458 613 guia
1471 545 1494 599 si
1505 556 1643 615 superstes
1654 549 1678 603 ci
1691 549 1771 607 luerit
1783 561 1872 607 restra
1884 557 1998 615 nobilitas

386 629 463 679 uum,
477 613 572 684 procul
594 612 674 668 dubio
686 613 786 666 donum
807 614 945 682 sapientie
960 612 1096 682 diligimus
1110 612 1177 667 divi·
1230 614 1285 666 vita
1300 614 1377 667 nobis
1399 616 1508 678 comite,
1522 617 1544 671 si
1562 618 1664 673 dederit
1680 620 1757 675 uobis
1772 622 1898 690 quislibet
1917 631 2001 688 multa·

386 683 460 738 nitus
471 683 519 739 tlbi
538 681 675 737 collatum.
690 681 853 736 Praetlicatur
865 684 937 737 euim
956 683 989 736 de
1005 690 1038 744 te,
1059 688 1086 735 et
1102 682 1180 751 louge
1231 698 1289 736 rum
1305 683 1454 738 modiorum
1468 687 1528 740 auri
1544 688 1690 751 cumulum,
1705 706 1844 772 uunquam
1867 698 2001 764 acquiesce.

384 752 494 823 lateque
504 751 669 816 diffunditur,
684 751 755 822 quod
767 752 803 804 sis
814 752 921 820 sapiens
932 754 1053 806 etlleum
1070 752 1177 806 timens.
1229 766 1300 816 urus,
1317 768 1503 836 exposcemus,
1520 764 1567 809 aut
1581 767 1675 827 sponte
1697 763 1876 842 suscipiemus
1895 767 1966 824 aliurn
1978 768 2000 830 ἢ,

386 821 524 892 Scriptum
547 832 590 876 est
617 821 689 876 enim
721 838 727 873 :
755 820 916 889 l’tr'rtcipium
941 822 1077 889 sapientire
1100 822 1180 875 tiator
1229 824 1533 903 reguumet'impenum
1546 825 2001 913 llontauumsmsrteipsnmbmm,

385 891 492 946 Domini
515 890 613 961 (Prae.
628 890 665 946 tl.
689 887 821 943 Narratur
844 891 924 943 etiam
945 892 1015 957 quod
1032 891 1072 945 sis
1090 890 1179 957 iustos
1229 893 1291 960 quia
1308 893 1464 962 praedicaris
1477 895 1610 963 sapieutta
1621 904 1648 950 et
1658 899 1773 965 justitia,
1790 904 1947 973 religtoueet
1959 913 2002 966 vir.

406 960 459 1017 uod
472 962 596 1029 congruit
615 959 695 1027 regite
709 958 845 1029 potestati,
860 959 1017 1027 cunctisque
1029 958 1177 1027 jndicibus,
1230 969 1296 1024 tute,
1322 961 1462 1017 nobilitate
1476 973 1503 1018 et
1517 963 1622 1030 lorma,
1639 968 1764 1023 videlicet
1776 974 1925 1039 prudentia,
1943 988 1999 1034 ιω.

385 977 475 1085 iluna
499 1029 662 1099 predicante
681 1028 811 1096 sapientia
831 1042 838 1081 :
857 1028 962 1096 Diligite
978 1029 1111 1098 justitium
1151 1030 1178 1083 ui
1227 1030 1358 1099 perantia,
1376 1030 1535 1088 tortitudine
1558 1038 1753 1105 atquepietate
1775 1041 1899 1107 refertos,
1916 1049 2000 1105 ιιωῃ.

380 1097 508 1168 indicatis
522 1108 619 1152 terrum
640 1096 717 1167 (sap.
740 1097 776 1165 ι).
792 1097 975 1151 duuuntiruur
996 1099 1078 1152 etiam
1091 1113 1106 1152 a
1120 1046 1178 1168 piu·
1230 1099 1320 1168 tigerit
1333 1109 1360 1153 te
1373 1101 1563 1170 imperatorem
1579 1115 1700 1160 nostrum
1725 1109 1841 1163 vivendo
1853 1123 2000 1188 supergredi,

386 1168 460 1224 ribus
482 1169 591 1239 probis,
615 1165 782 1237 permaxime
802 1180 816 1218 a
841 1167 1028 1220 comministro
1046 1176 1074 1221 ιι
1094 1167 1177 1221 tratre
1229 1176 1255 1220 tc
1268 1177 1392 1236 optentus
1406 1173 1495 1227 curnis
1509 1173 1598 1227 clerus
1613 1186 1638 1229 et
1654 1178 1729 1245 plebs
1743 1187 1770 1233 et
1794 1182 1917 1239 nobilitas
1934 1191 2001 1246 totius

383 1239 547 1292 verbotenus
561 1244 665 1300 nostro,
680 1245 837 1303 vestroque,
848 1246 875 1289 ct
890 1234 1004 1290 lratrum
1021 1246 1176 1291 nostrornm
1227 1239 1301 1292 orbis
1323 1248 1350 1292 et
1364 1241 1448 1304 urbis,
1465 1257 1517 1295 nou
1542 1245 1629 1297 solum
1643 1248 1739 1301 ducem
1763 1257 1791 1303 et
1808 1266 1914 1321 regem,
1930 1263 2002 1326 psas.

385 1307 461 1389 regui
474 1308 568 1370 vestri,
581 1305 756 1360 billiacensis
770 1307 863 1374 synodi
875 1306 1129 1375 archepiscoporum
1150 1314 1177 1359 et
1228 1309 1295 1360 tium
1308 1317 1334 1361 et
1352 1311 1562 1378 imperatorem,
1582 1316 1629 1369 sed
1645 1316 1670 1370 in
1686 1320 1813 1386 presenti
1837 1322 1948 1380 Ecclesia
1965 1331 2002 1383 dr-

383 1391 571 1446 eptscoporum
585 1375 682 1446 legato,
705 1375 908 1443 archiepiscopo
920 1373 977 1440 jam
991 1391 1006 1429 a
1022 1375 1100 1428 uobis
1112 1390 1177 1429 cou-
1227 1374 1372 1440 icusorem,
1388 1390 1415 1433 et
1435 1382 1461 1433 in
1485 1389 1585 1437 aeterna
1611 1400 1672 1439 ιιιιιι
1687 1390 1815 1444 omuibus
1838 1398 1933 1450 sanctis
1952 1414 2002 1466 pas.

383 1444 826 1506 stitutoTuronensibusrlctardo,
838 1444 910 1511 ottod
925 1444 963 1498 sis
974 1453 1088 1509 amator,
1102 1445 1176 1498 eral-
1228 1446 1335 1514 tieipcm
1351 1446 1418 1502 lore.
1436 1449 1474 1504 lle
1494 1452 1622 1521 pontilice
1643 1454 1815 1512 Landuueusi
1838 1460 1972 1522 lliccnurc
1989 1488 2002 1526 a

383 1524 465 1581 tator,
490 1525 517 1570 et
532 1515 679 1570 illustrator
697 1514 822 1582 specialis
842 1514 868 1566 io
888 1513 954 1568 orbe
976 1521 1130 1577 terrarum,
1148 1524 1176 1568 et
1226 1515 1384 1582 praesulibus
1399 1519 1490 1572 decem
1505 1524 1704 1588 provinciarum
1722 1527 1868 1595 deposito,
1889 1545 1916 1587 ct
1931 1551 1944 1588 a
1958 1555 2003 1595 ure·

381 1585 564 1655 permavimus
584 1571 761 1638 ecclesiarum
775 1582 821 1635 liei
840 1583 900 1635 rita
915 1591 945 1635 ut
958 1582 1047 1636 nullos
1062 1584 1096 1637 sit
1115 1585 1174 1653 epi·
1227 1585 1388 1654 tropolitano
1405 1603 1454 1642 suo
1477 1594 1622 1647 venerabili
1645 1592 1731 1649 fratre
1752 1598 1900 1657 lliucmarn
1916 1609 2003 1664 arente
2067 1651 2068 1662 ,

382 1670 496 1724 scopus,
529 1653 685 1721 nullumque
715 1651 909 1705 utouasterium
936 1652 962 1704 iu
995 1667 1079 1718 regno
1108 1662 1172 1719 tuo,
1225 1654 1345 1722 piscopo,
1362 1668 1502 1714 reservato
1515 1665 1666 1730 peremnia
1682 1665 1762 1736 hujus
1776 1671 1872 1734 prima
1884 1676 2004 1747 sedispfj.
2067 1731 2068 1740 ἵ

381 1725 516 1793 qrroduon
532 1722 640 1776 auxeris
658 1722 738 1775 rebus
751 1721 884 1788 propriis,
906 1729 934 1774 et
952 1722 1104 1776 restitueris
1119 1725 1174 1779 suis
1226 1723 1313 1793 vilegii
1333 1723 1447 1791 judicio,
1471 1731 1606 1787 cumulata
1621 1735 1646 1788 in
1666 1737 1843 1804 synodalibus
1865 1742 1970 1809 litteris,
1982 1759 2005 1804 ιι
2067 1747 2068 1812 ι

418 1793 588 1861 rplurimnm,
610 1800 773 1860 optaresque
795 1788 930 1843 ferventer
953 1800 981 1844 ιι
1003 1791 1173 1847 desiderares
1225 1794 1328 1862 prelati
1345 1797 1551 1866 tuctropolitaui,
1567 1811 1594 1856 ιι
1615 1807 1722 1868 vestris,
1740 1823 1790 1863 nec
1811 1827 1867 1865 uon
1891 1815 1917 1868 ιιι
1929 1817 2005 1874 libello
2067 1853 2068 1862 ι

380 1807 452 1917 ἕξοι
477 1861 607 1932 principis
630 1860 811 1928 apostolorum
842 1859 915 1913 Petri
938 1860 1054 1929 primam
1079 1862 1171 1917 sedem
1188 1863 1425 1944 Breclamationis
1449 1867 1515 1922 cleri
1538 1880 1565 1924 et
1587 1870 1673 1939 plebis
1694 1875 1901 1946 Larrduuensis,
1921 1891 2005 1944 senis
2067 1875 2068 1960 J

381 1930 509 1990 exaitare,
529 1931 672 1993 bonorare,
697 1929 841 1996 multisque
862 1930 1019 1984 muneribus
1041 1930 1173 1986 vicarium
1226 1931 1318 1987 libello
1342 1936 1490 1991 continenti
1516 1940 1614 1996 seriem
1640 1955 1777 2013 gestorum
1803 1954 1914 2021 synodi,
1943 1967 2004 2013 unu

379 2000 449 2069 ejus,
462 2008 490 2055 et
501 1999 603 2054 clerum
618 1998 668 2053 sibi
681 1998 856 2054 couuuissum
870 1999 971 2062 ditare,
996 2007 1024 2054 et
1038 2000 1072 2053 ab
1086 2003 1173 2055 ontui·
1225 2002 1296 2057 dictu
1321 2003 1445 2068 uelanda,
1473 2015 1601 2078 tantaque
1625 2017 1808 2080 exsecranda,
1832 2032 1861 2075 et
1883 2035 2004 2083 anetam

379 2069 432 2124 ltus
446 2068 580 2132 hostibus,
594 2079 674 2138 prout
686 2083 764 2139 posse
785 2077 813 2121 et
833 2076 937 2137 tempus
959 2068 1110 2132 dictaverit,
1126 2072 1173 2124 de·
1224 2086 1302 2126 suum
1317 2073 1473 2129 daruuautia
1490 2079 1655 2146 reseruntur,
1669 2093 1699 2138 ut
1711 2086 1882 2145 incredibilia
1896 2096 1948 2148 ab'
1981 2116 2005 2152 o.
2067 2087 2068 2142 Ὗ

378 2138 499 2204 tensare,
513 2139 651 2207 ueurnquo
666 2139 729 2194 totis
740 2137 890 2192 visceribus
907 2139 933 2192 in
946 2139 998 2192 boe
1011 2138 1171 2207 glorificare,
1224 2141 1347 2197 rantibus
1369 2143 1521 2200 rideantur.
1538 2148 1591 2205 Sed
1606 2152 1639 2207 de
1658 2154 1701 2207 bis
1714 2156 1782 2210 nibil
1802 2162 1934 2220 audemus
1944 2170 2006 2234 Juli-

379 2217 507 2264 mouente
528 2209 659 2278 propbeta
674 2225 706 2263 ert
725 2223 840 2279 persona
857 2208 962 2262 Domini
981 2224 988 2261 ε
1005 2207 1057 2273 Qui
1071 2210 1173 2277 giorifi-
1223 2223 1297 2274 care,
1310 2216 1381 2280 quod
1396 2217 1480 2281 possit
1494 2216 1602 2274 b'ieeno
1615 2224 1745 2290 concillo,
1761 2237 1791 2280 et
1804 2231 1925 2301 quinque
1937 2249 2007 2291 uete-
2067 2279 2068 2288 ,

379 2288 441 2331 runt
459 2294 510 2343 me,
534 2277 667 2348 gloriabor
681 2282 708 2333 in
731 2282 768 2333 eis
790 2278 815 2361 ιι
832 2278 895 2347 ilep.
912 2277 954 2358 tt).
971 2277 1103 2343 Quocirca
1128 2295 1169 2332 sa·
1223 2295 1316 2334 rorum
1326 2284 1501 2339 conciliorum
1515 2290 1623 2358 regulis,
1633 2293 1673 2346 rel
1685 2294 1960 2360 decretisnostrorum
1968 2323 2007 2362 aa

377 2347 479 2429 pientia
492 2348 690 2417 praecellentem
703 2364 764 2402 cnm
783 2359 878 2402 tunore
893 2347 951 2406 liet,
967 2356 994 2400 et
1015 2348 1170 2416 diligentem
1224 2357 1387 2428 tecessorum
1399 2354 1520 2410 obviare.
1534 2358 1569 2411 Αι
1581 2361 1614 2414 de
1629 2363 1672 2416 bis
1684 2365 1755 2431 quud
1775 2368 1882 2434 praelati
1901 2389 2006 2431 corones

374 2418 521 2486 pristitiaut,
538 2426 566 2471 ιι
588 2418 782 2488 glorificantem
798 2418 898 2480 ὓιιιι,
911 2417 973 2484 uitis
988 2431 1041 2470 nou
1057 2417 1171 2487 diligati
1221 2428 1248 2472 et
1259 2421 1536 2501 decreta‘deceruuut,
1549 2428 1654 2497 ipsique
1664 2448 1724 2487 cttut
1737 2435 1868 2503 ipsisuua
1881 2445 2004 2501 vobiscum

378 2489 439 2556 quis
464 2504 515 2541 nou
540 2488 663 2542 ambiat?
689 2488 750 2556 qrtis
776 2502 828 2540 non
856 2486 1007 2540 desideret?
1031 2487 1092 2555 orris
1117 2502 1170 2541 uon
1221 2499 2006 2578 congregattcumnostrospiritusimiliterdeceruimus,et
2067 2537 2068 2544 ι

377 2565 452 2638 optet
468 2571 574 2618 revera,
587 2557 656 2610 sicut
670 2572 760 2625 regem
776 2555 984 2624 praecellentem,
1000 2554 1070 2607 sicut
1087 2555 1170 2622 justi·
1222 2561 1292 2627 gnod
1314 2568 1446 2624 statuunt,
1465 2567 1623 2635 statuimus;
1636 2580 1664 2625 et
1676 2576 1747 2641 quod
1763 2576 1901 2646 jnrliraut,
1911 2584 2005 2652 jndice-
2067 2605 2068 2650 l

376 2635 444 2680 tram
469 2625 670 2684 moderantem.
697 2626 768 2680 sicut
794 2625 877 2678 Deum
902 2623 1117 2692 glorificantem?
1141 2626 1169 2680 lu
1221 2628 2006 2715 turus.Neciuuliodeviantcsateuorecauouieo,sermntes
2067 2653 2068 2706 1

375 2696 491 2750 veritate
505 2695 610 2750 credite
623 2695 718 2760 uobis,
731 2694 794 2765 quia
815 2695 882 2749 tales
896 2696 1008 2748 virtutes
1028 2696 1067 2748 sic
1087 2694 1170 2776 diligo
1220 2697 1345 2752 otnnibus
1357 2715 1405 2778 sna
1417 2702 1477 2770 jura
1493 2709 1720 2778 metropolitanis
1734 2723 1761 2768 et
1775 2727 1805 2769 ιιι
1818 2721 1911 2776 verbis
1924 2724 2006 2792 loqua·

376 2764 403 2820 in
419 2764 504 2830 robis,
520 2764 589 2818 sieut
609 2765 727 2819 animam
749 2779 848 2818 aream.
868 2763 1003 2832 Scriptum
1023 2773 1066 2818 est
1076 2778 1167 2819 cutm:
1220 2781 1280 2818 urin
1293 2767 1363 2821 bean
1374 2786 1449 2839 papae
1462 2772 1560 2830 Leonis
1571 2780 1655 2848 (epist.
1668 2783 1680 2836 l
1701 2783 1737 2836 od
1747 2789 1884 2858 episcopos
1899 2791 2003 2861 italici:

378 2834 475 2905 Diliges
490 2835 628 2904 proximan
651 2845 724 2887 tuum
742 2836 808 2888 sicut
826 2834 936 2902 teipsum
961 2831 1053 2902 (Lect't.
1080 2837 1167 2913 ttvutl
1219 2834 1402 2902 illitereuim,
1427 2840 1531 2911 iuquit,
1555 2848 1634 2904 nobis
1655 2849 1815 2910 corrrutlssos
1844 2875 1938 2930 regere
1959 2881 2003 2917 uon

374 2903 410 2959 Et
431 2905 509 2958 talem
534 2903 654 2973 intelligo
667 2904 829 2973 proximum,
849 2917 929 2972 qrtem
950 2910 1056 2956 constat
1071 2902 1169 2983 talibus
1219 2919 1373 2973 possumus,
1400 2910 1451 2964 uisi
1476 2914 1526 2968 bos
1551 2917 1597 2984 qui
1612 2929 1673 2974 suut
1689 2925 1844 2991 perditores
1867 2943 1895 2984 et
1918 2936 2003 3001 perdta

374 2974 521 3029 virtutibus
535 2971 689 3041 repletam:
713 2982 741 3027 ιι
760 2989 775 3027 a
795 2973 839 3027 die
864 2972 928 3032 illa,
954 2986 1006 3040 ntra
1025 2973 1101 3026 vobis
1121 2988 1169 3042 per
1219 2989 1415 3052 persequamur
1426 2981 1483 3036 zelo
1500 2983 1647 3042 Douriuiem
1664 2990 1746 3056 fidei,
1769 3006 1827 3050 eta
1847 3002 1922 3056 suuis
1936 3019 2002 3057 mea·

372 3041 517 3111 prelatum
529 3042 640 3097 tratrem
655 3051 776 3096 nostrum
788 3042 913 3097 mandavi
926 3040 1018 3096 lldelcs
1031 3042 1169 3123 orationes
1220 3045 1307 3109 tibus,
1331 3060 1365 3100 ne
1385 3051 1468 3115 pestis
1491 3053 1548 3108 bec
1570 3055 1652 3112 latins
1671 3060 1844 3132 divulgetur,
1869 3073 2003 3128 severitate

375 3120 404 3166 et
426 3112 592 3167 certissimas
614 3112 744 3176 amicitia,
768 3127 905 3180 nunquam
934 3111 1063 3164 aliorsum
1084 3111 1168 3191 deeb-
1218 3127 1271 3181 qua
1286 3129 1429 3183 possumus
1443 3120 1645 3191 abscindamus,
1660 3138 1687 3183 et
1703 3148 1763 3200 qrtao
1776 3135 1849 3192 male
1866 3141 2004 3208 pullulasse

374 3181 448 3236 navi.
463 3182 496 3235 Et
512 3182 535 3236 si
549 3181 672 3249 quadam
692 3182 788 3236 litterae
808 3182 903 3236 delatae
920 3181 997 3233 vobis
1010 3189 1074 3233 snut
1087 3181 1167 3235 aliter
1218 3192 1377 3249 noscuntur,
1394 3188 1523 3246 radicitus
1536 3196 1702 3265 evellantur,
1716 3211 1744 3255 et
1758 3219 1878 3261 messem
1895 3209 2004 3267 ιιιιιιιιιιι.

373 3265 404 3305 se
415 3249 545 3305 hahentes
562 3251 589 3304 ln
606 3250 762 3320 superlicie,
776 3250 818 3304 vel
832 3252 977 3319 sulucptae,
1002 3249 1042 3304 ιιι
1059 3265 1073 3302 a
1089 3237 1201 3305 troutsC
1217 3267 1277 3336 earu
1302 3255 1373 3336 nulla
1401 3258 1505 3316 zizania
1529 3278 1704 3338 corrumpant
1727 3273 1817 3342 (epist.
1848 3278 1861 3331 i
1885 3283 2003 3353 episcopia

372 3319 710 3384 inllrma'ntibusestortae,
736 3319 938 3391 velaqualibet
961 3335 1077 3390 persona
1101 3336 1164 3375 coo·
1216 3323 1392 3393 trttnpanrrc).
1417 3328 1456 3383 ιιι
1481 3334 1552 3387 euim
1575 3336 1692 3393 tractum
1719 3344 1832 3400 ultercm
1858 3363 1920 3417 quire
1948 3367 2002 3408 suin

371 3388 455 3453 lictae,
483 3390 578 3445 durius
597 3398 645 3444 aut
666 3391 757 3445 acrius
780 3390 945 3445 mordaciter
969 3400 1120 3444 sonantes:
1138 3391 1164 3445 id
1214 3394 1321 3448 sincera
1333 3396 1508 3466 prestabant,
1519 3404 1542 3458 si
1554 3419 1750 3475 caperebamur
1763 3426 1885 3485 segetem
1897 3434 2002 3478 enecare

372 3468 464 3514 tamen
480 3460 558 3514 nobis
576 3458 660 3513 lirum
681 3460 898 3528 sempermausit
921 3459 946 3512 iu
968 3469 1076 3522 tuente,
1092 3460 1164 3528 quod
1214 3474 1395 3543 durauerant,
1410 3468 1566 3537 diligentius
1589 3488 1773 3548 amputentur.
1799 3486 1855 3540 Sed
1871 3491 1936 3557 quta
1956 3508 2000 3546 ,ιω

370 3527 674 3596 vobissiguillcavimas
692 3529 798 3583 derote.
823 3528 879 3583 Nec
898 3527 1015 3581 alienum
1028 3529 1162 3599 judicavi·
1214 3542 1281 3586 saus
1310 3534 1405 3589 idonea
1426 3538 1550 3596 videatur
1569 3552 1597 3600 et
1626 3560 1731 3604 matura
1760 3557 1876 3623 uostris,
1898 3569 1928 3614 et
1947 3561 2000 3616 unic

370 3609 444 3661 mus,
461 3592 673 3663 judicamus,ct
693 3596 875 3662 iudicabimus
896 3613 911 3650 a
935 3609 1164 3653 nostracommu-
1214 3610 1315 3654 sarutae
1345 3605 1401 3659 sedi
1434 3612 1581 3681 condigna,
1613 3617 1699 3673 dorice
1729 3623 1762 3673 ad
1794 3624 1867 3680 lianc
1897 3632 2000 3685 sanctis„

370 3664 454 3719 trione
476 3664 574 3718 tuentis
597 3663 739 3718 devotione
754 3679 834 3732 quem
850 3665 895 3717 dili
916 3665 986 3717 intus
1008 3676 1064 3717 tota
1080 3668 1162 3722 animi
1213 3672 1309 3749 simam
1336 3681 1364 3726 ιι
1392 3678 1587 3748 apostolicam,
1616 3702 1696 3755 qttzrm
1720 3692 1891 3760 appellavit,
1918 3702 1999 3755 selein

369 3731 529 3795 intentione,
542 3731 695 3800 judicantes
714 3731 825 3801 dignum
848 3680 945 3795 lancie,
961 3734 1090 3800 propbeta
1107 3749 1163 3788 nto·
1212 3748 1329 3819 spanum
1345 3743 1444 3819 babeat
1459 3751 1583 3806 veniendi
1602 3770 1609 3807 ε
1632 3757 1693 3810 ideo
1714 3762 1823 3824 veniat,
1850 3775 1878 3819 et
1892 3771 1998 3822 ostensis

370 3811 468 3857 ucute:
483 3798 573 3855 flector
587 3800 658 3855 decet
672 3799 781 3853 laudare
795 3797 881 3863 (Paul.
895 3800 974 3880 xxti).
992 3802 1076 3881 Quem
1097 3818 1161 3884 pro·
1212 3809 1264 3886 srbr
1278 3806 1387 3874 btterrs,
1402 3826 1471 3879 guas
1484 3818 1561 3873 uobis
1577 3823 1698 3883 misistis,
1714 3837 1742 3881 ιι
1753 3829 1846 3886 libello
1858 3840 1998 3893 construenti

369 3870 441 3926 lecto
463 3885 618 3940 speramus,
634 3871 658 3923 si
680 3869 758 3924 uobis
780 3875 916 3940 superstes
941 3870 1044 3934 luerit,
1061 3880 1161 3928 nostru
1212 3890 1309 3930 serrem
1324 3882 1432 3947 synodi,
1448 3881 1566 3942 libellulo
1579 3891 1663 3945 etiam
1679 3894 1743 3950 cleri
1757 3907 1785 3951 et
1800 3902 1889 3968 plebis
1901 3906 2000 3962 Laride.

368 3940 495 3995 omuibus
504 3939 660 4009 propinquis
672 3947 701 3994 ιι
714 3939 809 3994 amicis
821 3954 930 3993 manum
945 3941 1083 4009 porrigere
1097 3956 1162 3995 eou·
1212 3946 1305 3999 nensis
1324 3948 1579 4021 proclamationem,
1597 3959 1712 4018 aliereos
1733 3974 1758 4019 te
1772 3966 1874 4037 injuste
1893 3977 1999 4031 damna·
2067 3986 2068 3995 ¹

368 4008 518 4072 solutionis,
531 4008 646 4063 indolem
665 4017 693 4062 ιι
711 4006 791 4062 iidem
806 4007 863 4076 ejus
876 4017 1018 4063 cernentes
1031 4010 1058 4063 in
1073 4010 1160 4064 alluu-
1212 4022 1286 4068 tum:
1301 4024 1363 4069 tnnc
1377 4018 1472 4075 clectis
1483 4020 1633 4093 judicibus,
1649 4046 1702 4085 nou
1724 4045 1815 4105 tamen
1838 4045 1959 4112 cuprius
1977 4049 1998 4100 in

368 4088 453 4132 tatem
481 4078 694 4147 propinquorum
726 4078 812 4132 nostri
840 4076 1002 4133 decessoris.
1037 4078 1160 4149 linusque
1211 4085 1294 4155 gradu
1311 4087 1445 4154 restituto,
1458 4101 1504 4145 ant
1518 4109 1549 4148 ιι
1567 4095 1651 4154 latere
1664 4112 1757 4157 nostro
1767 4106 1881 4165 directis
1895 4115 1997 4181 legatis,

370 4146 439 4201 solet
463 4160 533 4214 crepe
550 4154 664 4217 uterque
677 4160 776 4215 pareres
796 4147 824 4200 iu
842 4147 947 4214 prolem
962 4150 1107 4217 opprobria
1120 4151 1159 4205 ιιι
1212 4168 1273 4208 eum
1288 4157 1448 4213 auctoritate
1462 4171 1554 4219 nostra
1574 4168 1735 4225 refricentur
1756 4190 1817 4242 qtrae
1830 4191 1906 4248 gesta
1920 4173 1997 4249 sunt,

367 4213 510 4270 maledicta
531 4230 691 4286 congerere,
718 4228 799 4283 quam
813 4223 888 4285 optat
911 4216 970 4271 siue
995 4219 1109 4273 crimine
1132 4229 1161 4274 et
1210 4231 1238 4277 et
1251 4225 1355 4292 negotia
1369 4226 1394 4280 in
1408 4244 1460 4299 qua
1471 4242 1530 4287 orta
1543 4246 1605 4291 suut
1616 4241 1753 4307 provincia
1767 4252 1899 4308 canonice
1911 4256 1997 4309 termi-
2067 4294 2068 4297 ,

367 4283 477 4340 ιιιιοιιι
490 4298 609 4339 utauere.
622 4283 672 4339 Cui
686 4283 774 4340 simile
793 4285 863 4341 solet
878 4299 948 4355 saepe
959 4288 1116 4342 doctoribus
1132 4296 1160 4344 et
1210 4301 1320 4373 nentur.
1335 4293 1412 4359 erod
1435 4300 1458 4352 si
1473 4303 1565 4359 venire
1577 4307 1786 4378 detrectaverit,
1808 4316 1911 4375 clareat
1929 4325 1995 4392 qaod
2067 4306 2068 4321 ¹

366 4353 589 4425 predicatoribus
598 4354 764 4423 contingere.
773 4354 882 4424 Quapro
902 4358 1158 4423 ternonadsouum,
1210 4362 1282 4417 idem
1293 4378 1351 4433 lpse
1366 4365 1470 4423 dederit
1481 4369 1568 4428 iocum
1581 4377 1763 4438 damnationis
1774 4386 1802 4439 iu
1812 4392 1993 4462 sernetipsara,
2067 4392 2068 4395 ’

366 4422 413 4477 ιιι
429 4431 536 4492 oportet
555 4423 589 4477 ad
609 4431 700 4478 votum
716 4425 859 4493 respicere.
895 4424 1018 4480 relatum
1037 4436 1157 4483 vestrum
1209 4437 1590 4500 necsaecrordodilierendo
1605 4456 1843 4520 morampatiatur
1858 4461 1898 4515 rel
1913 4463 1993 4515 detri-
2067 4484 2068 4489 1

365 4492 483 4562 (leuique
506 4490 645 4561 legatum,
664 4491 735 4547 sicot
753 4493 937 4575 significastis,
952 4503 979 4548 ιι
990 4498 1109 4566 synodus
1131 4506 1159 4550 ιι
1209 4510 1339 4557 metuam.
1356 4503 1477 4571 Qualiter
1488 4521 1590 4578 autem,
1602 4527 1650 4572 aut
1665 4524 1813 4589 qtrornodo,
1828 4529 1869 4582 rel
1890 4534 1994 4599 qnando

364 4560 441 4627 pleds
455 4561 634 4632 expostulavit
651 4569 680 4616 ct
691 4561 842 4629 'saronicus
862 4564 966 4629 clerus,
987 4566 1043 4637 jam
1057 4567 1157 4622 consti·
1170 4568 1196 4628 D
1208 4572 1309 4636 veniat,
1325 4573 1368 4625 vel
1382 4576 1541 4647 adducatur,
1554 4599 1602 4640 seu
1615 4587 1721 4643 iuterim
1734 4596 1911 4660 custodiatur,
1928 4616 1994 4668 prae·

365 4631 466 4685 ruimus
490 4630 654 4686 cardinalem
677 4633 914 4701 metropolitanum
927 4641 954 4688 et
973 4636 1155 4716 arehiepisco-
1208 4638 1654 4719 latoconlratriuostrocommuni
1666 4658 1991 4727 legatodctardoarcbie·

363 4713 428 4768 pum
440 4698 948 4771 Turouicaeprorinciae,perlcrulam,
970 4713 1110 4773 pitacium,
1128 4715 1155 4761 et
1208 4724 1318 4779 prseopo
1336 4714 1413 4768 vobis
1433 4717 1609 4778 iomaudatis
1628 4729 1719 4783 etalia
1739 4732 1906 4791 clandestina
1923 4754 1993 4791 com-
2067 4750 2068 4753 ’

363 4768 510 4836 annulum,
534 4784 639 4825 necnon
659 4784 709 4838 per
727 4782 828 4826 nostrae
848 4772 1018 4829 auctoritatis
1037 4774 1155 4831 litterale
1209 4779 1331 4834 misimus
1352 4784 1559 4844 manifestanda.
1578 4794 1706 4852 Sanctum
1722 4806 1904 4869 apostolorum
1921 4807 1990 4862 reru
2067 4840 2068 4843 =

363 4837 512 4893 decretum.
532 4837 579 4894 Sic
602 4848 711 4902 ιιιιιιιι,
726 4840 933 4896 utNamneticre
955 4844 1092 4908 ecclesia,
1110 4847 1154 4899 cui
1206 4856 1234 4902 et
1247 4847 1321 4904 Pauli
1343 4853 1544 4925 intercessione,
1566 4874 1711 4936 nostraque
1732 4874 1942 4941 supplicatione,
1963 4885 1989 4929 et

362 4905 1006 4980 l'ueratdestiuatus:etcoetera,utiaepistola,
1022 4916 1153 4984 usquead
1206 4920 1365 4987 preordiue
1387 4925 1562 4986 uobisalleo
1578 4935 1690 5000 collato,
1713 4939 1921 4999 laeuedictiouem
1936 4960 1989 4999 ure·
2067 5006 2068 5009 Ἴ

362 4973 453 5029 Caroli
466 4973 565 5029 donum
578 4978 786 5048 inperpetuum.
800 4980 1073 5053 igiturergointegra
1089 4983 1151 5064 fide,
1206 4989 1335 5051 reamini,
1359 4993 1942 5082 ritasprusenusp10390f522101,‚,s,3353m
1960 5022 1988 5068 α
2067 5014 2068 5053 t

361 5052 390 5095 et
403 5043 508 5097 sincera
522 5052 624 5109 mente,
637 5048 787 5118 devotaque
802 5050 998 5114 voluntate,ot
1018 5053 1105 5106 termo
1118 5063 1153 5107 stt
1205 5057 1373 5125 imperialem
1402 5064 1578 5135 dignitatem,
1607 5088 1782 5148 nostramque
1808 5093 1835 5135 et
1861 5085 1984 5138 beatamne

362 5112 510 5178 secretior,
525 5121 552 5168 et
566 5112 662 5167 litterae
674 5115 857 5180 clandestine,
878 5118 997 5186 nullique
1020 5120 1073 5174 uisi
1090 5121 1153 5175 sule
1206 5128 1326 5182 oninium
1341 5137 1557 5194 communionem
1581 5151 1608 5196 ιι
1622 5146 1796 5211 societatem,
1820 5162 1984 5219 peccatorum
2067 5166 2068 5175 ¹

361 5181 474 5239 lissimis
495 5181 673 5264 publicandae,
698 5184 774 5239 vobis
795 5184 955 5266 conliteumr
978 5187 1149 5257 devovendo,
1205 5197 1325 5250 orurtiom
1349 5203 1553 5274 remissionem,
1575 5221 1602 5264 et
1624 5224 1732 5270 aeterum
1746 5218 1808 5274 vitae
1825 5220 1981 5291 gloriosissi.

361 5260 389 5305 et
403 5261 569 5307 uotesctmus
581 5250 749 5319 affirmando,
770 5255 845 5309 salva
858 5254 986 5311 fidelitate
1006 5258 1151 5329 imperato·
1205 5279 1276 5318 mam
1288 5274 1492 5331 resurreccionis
1504 5275 1669 5339 felicitatem
1683 5285 1779 5342 Amen·

520 5390 658 5467 onoo
695 5352 869 5470 neuton
906 5394 1020 5486 pou
1058 5397 1426 5522 Quoue
1456 5412 1837 5502 couuruuurun.

513 5519 670 5572 ruaudus
686 5522 816 5573 scores
833 5525 992 5577 llllldliltt.
1200 5535 1299 5586 litterae
1311 5547 1337 5586 et
1345 5541 1411 5589 unde
1423 5554 1465 5594 eas
1474 5549 1622 5608 perceperit.
1961 5556 1977 5605 t
2067 5558 2068 5571 ¹

359 5575 547 5632 huncum.
564 5605 596 5619 ·-
611 5581 648 5632 lle
659 5583 752 5634 ιιιιιιιιι
764 5585 843 5634 Scato
859 5586 965 5637 limarum
978 5588 1148 5646 ennoean
1199 5596 1288 5706 c'fan
1301 5598 1344 5650 ιιι.
1358 5625 1388 5637 -
1400 5605 1468 5661 Quae
1486 5610 1559 5658 tuerit
1579 5609 1647 5662 Secti
1668 5614 1774 5667 conditio
1793 5618 1853 5681 apud
1870 5614 1974 5667 [noim

319 5748 322 5761 ,
392 5700 457 5752 Part
466 5705 540 5763 prior.
551 5727 583 5740 -
592 5656 930 5770 gssf'ffffgffffi'fflgo
941 5719 1013 5763 uatus
1023 5715 1055 5765 sit
1073 5715 1146 5766 Joao·
1231 5672 1343 5772 ινιυιφιι.
1353 5750 1384 5761 -
1395 5724 1463 5783 ortae
1483 5733 1590 5788 gesserit
1602 5732 1707 5792 Erigena
1720 5733 1802 5788 io‘tllts
1812 5674 1975 5800 tbealogoraff

358 5763 626 5826 uerseotortsrtgeua.
1132 5780 1148 5828 2
1201 5788 1383 5845 controversus,
1399 5797 1697 5855 quarumpartieepsluit
1939 5798 1971 5846 2¹

391 5820 446 5875 Car.
456 5822 486 5874 ll.
496 5848 527 5862 -
537 5828 607 5887 littae
618 5827 644 5882 ιιι
656 5825 750 5885 laeuae
761 5830 835 5886 Scato
851 5831 942 5888 luerint
956 5836 1060 5892 eruditio
1072 5844 1146 5903 atque
1231 5841 1286 5895 Car.
1298 5844 1326 5900 ll.
1335 5872 1364 5884 -
1375 5846 1434 5901 Cura
1443 5849 1475 5903 de
1486 5852 1690 5914 abemlbusdnu
1699 5861 1839 5916 rebusaaae
1850 5867 1968 5912 ureteras
