4167 6625
715 703 801 751 billio
822 706 936 751 uomut
957 707 1135 757 peccunt.

492 898 1175 1120 uuuuuuus
1241 833 1352 1121 'u

708 1247 913 1310 Pouutuex
932 1249 1132 1318 ROMANUS.

809 1419 1029 1437 ψ

443 1552 663 1633 Nouium
693 1552 969 1635 fllsuoutcu
998 1557 1055 1636 IN
1083 1557 1353 1640 uuuluubbt
1392 1565 1445 1643 ll.

631 1745 1198 1817 mmmmmmmm

844 1879 1013 1899 *¹*-

133 1958 177 2031 tol
188 1957 328 2014 Antinous
342 1954 453 2012 natione
473 1954 621 2021 Romauus,
637 1971 671 2013 ex
691 1967 767 2028 patre
785 1959 894 2029 Talaro,
908 1964 933 2025 A
946 1963 1086 2019 ordinatus
1098 1971 1152 2018 um
1166 1962 1364 2035 inculpabiliter
1371 1965 1454 2089 degit,
1465 1974 1519 2024 tam
1526 1947 1642 2030 uiriliter
1650 1974 1734 2033 mini·

149 2026 892 2101 teaepiscoporegionistertie,seditannosquinqoe.
945 2033 1054 2095 strarit,
1078 2042 1108 2087 ut
1127 2048 1181 2089 non
1200 2035 1386 2089 tantumsieut
1416 2044 1493 2093 actus
1512 2041 1593 2109 presb
1613 2051 1653 2098 ter
1684 2049 1733 2102 sed

123 2101 149 2154 ic
179 2113 214 2153 es
240 2096 419 2165 proximitatis
443 2095 597 2178 genealogia
622 2095 708 2178 beatae
729 2100 894 2178 reeordatio-
944 2102 1016 2157 sicut
1038 2100 1144 2156 loturus
1157 2102 1286 2170 pontifex,
1302 2114 1459 2160 reverenter
1476 2056 1733 2170 abomnihoscole·

95 2171 140 2223 uis
160 2166 299 2237 Stephani
318 2163 353 2221 tu
377 2160 510 2247 etSergu
529 2179 645 2246 portioris
667 2166 824 2238 pontificum
846 2169 894 2225 de·
945 2179 1030 2226 retur.
1052 2170 1191 2239 Siquidem
1206 2170 1232 2226 in
1247 2186 1280 2225 eo
1294 2174 1392 2227 eratin
1405 2174 1514 2230 Cirrislo
1528 2177 1639 2248 ejusque
1652 2185 1729 2253 geui-

96 2238 252 2300 soeudens,
270 2234 333 2290 dum
355 2233 557 2304 mrrrspolleret
576 2233 689 2298 acubus,
705 2250 720 2289 a
736 2238 895 2293 venerandae
944 2239 1014 2294 trice
1047 2240 1116 2310 apud
1136 2236 1212 2307 cujus
1232 2241 1353 2311 Praesepe
1372 2241 1481 2312 jugibus
1502 2246 1670 2305 orationibus
1690 2253 1732 2307 in·

96 2305 247 2363 memoriae
262 2301 392 2375 Gregorio
401 2305 498 2374 quoeto
517 2303 589 2359 sedis
610 2304 763 2372 apostolieae
780 2306 894 2376 praesule
944 2308 1041 2363 cumbe
1079 2309 1100 2378 ι)
1114 2318 1188 2363 tanta
1207 2309 1315 2373 dducia,
1329 2311 1539 2369 utbeneiaciens
1555 2329 1609 2370 nou
1632 2318 1730 2375 deiice-

96 2374 276 2432 sobdiaeonii
290 2374 402 2431 sortitus
415 2381 457 2428 est
471 2372 660 2428 ministerium.
676 2373 778 2431 Deinde
789 2391 853 2430 reto
866 2376 894 2432 in
944 2387 996 2441 ret,
1014 2393 1066 2433 uec
1082 2377 1228 2447 quidquam
1251 2378 1425 2445 discriminis,
1438 2390 1534 2437 cuncta
1549 2398 1609 2453 qoae
1631 2383 1731 2445 habere

96 2445 291 2502 Lateraneuse
316 2441 509 2514 patriarchium
541 2440 713 2497 familiariter
740 2454 894 2516 assumptos
944 2454 1050 2515 poterat
1077 2446 1273 2504 discretissime
1297 2447 1435 2519 largiens,
1467 2451 1612 2509 incurrere
1635 2452 1731 2512 lormi-

98 2513 279 2571 laudabiliter
290 2520 465 2569 conversatus
480 2510 514 2566 ad
525 2510 670 2582 regendum
685 2511 793 2567 titolum
807 2514 895 2570 saneti
944 2515 1031 2570 daret.

97 2583 182 2641 ltarci
199 2581 372 2640 contessoris
387 2580 488 2638 Christi
507 2588 589 2651 atque
606 2579 741 2638 oootitleis
753 2582 895 2655 presbyter
978 2582 1047 2642 Nam
1059 2600 1121 2643 cnm
1134 2584 1179 2642 die
1190 2584 1307 2656 quadam
1329 2585 1399 2644 iuter
1412 2553 1645 2663 compresbyteros
1667 2610 1731 2653 snos

135 2716 175 2800 (a)
185 2713 336 2770 Adrianus.
349 2714 416 2786 Cum
426 2713 461 2769 ab
470 2712 657 2771 obituNioolai
667 2730 743 2787 papae
753 2725 895 2776 menstruo
979 2717 1108 2774 bethario
1121 2732 1182 2789 rege
1194 2717 1330 2781 defuneto,
1345 2717 1458 2775 Carolus
1480 2718 1577 2778 cairus
1652 2740 1729 2792 num,

101 2799 190 2869 spano
203 2786 288 2840 sedes
316 2783 437 2840 entilicia
457 2792 565 2853 pastore
578 2785 705 2841 destituta
724 2785 831 2853 fuisset,
844 2789 893 2845 de·
943 2788 1015 2858 qnod
1026 2787 1162 2844 liudovico
1175 2785 1252 2843 tratri
1263 2786 1405 2855 illiusjnre
1420 2787 1592 2847 haereditario
1608 2794 1641 2847 de
1676 2795 1727 2848 ba·

102 2871 174 2911 crnro
196 2870 273 2911 nouo
337 2852 429 2908 tendas
443 2851 585 2916 lanuarias
595 2852 730 2911 ddrianns
750 2871 813 2926 erga
825 2872 895 2927 pao·
944 2865 998 2921 tor,
1048 2856 1256 2928 rtyrannidem
1281 2856 1389 2911 inuasit.
1415 2855 1493 2923 dono
1519 2874 1579 2914 cunr
1607 2862 1729 2929 pontifex

101 2940 181 2996 peres
204 2922 502 2985 munificentissimus,
533 2922 683 2993 dandisque
716 2923 895 2997 eleemosynis
943 2925 1008 2980 intel
1020 2926 1131 2990 exisset,
1145 2940 1192 2981 eas
1205 2941 1273 2995 quas
1297 2923 1366 2979 inira
1379 2940 1458 2980 cusas
1472 2926 1591 2984 invenies
1601 2930 1729 2999 epistolas

103 2993 271 3051 miraculose
299 2992 460 3057 illustratos,
491 2990 517 3047 in
551 2991 677 3048 thronum
705 2993 892 3064 apostolicum,
942 2994 976 3048 ad
989 2994 1115 3051 Carolum
1127 3008 1217 3066 regem
1228 2993 1341 3064 ejusque
1353 2995 1429 3064 regni
1440 2994 1617 3064 optimatcset
1627 2999 1729 3067 episeo-

122 3062 281 3119 uantumuls
289 3060 478 3125 reluctaretur,
485 3068 595 3117 ereetum
605 3061 796 3119 loitcommuui
809 3066 892 3122 totius
941 3078 991 3134 pos
1004 3064 1120 3132 scriptas
1133 3077 1182 3132 per
1194 3061 1297 3134 legatos
1316 3063 1466 3120 transmisit
1480 3082 1486 3117 :
1501 3079 1595 3121 rernm
1619 3067 1728 3137 pontili-

103 3081 169 3189 glcri
188 3146 223 3188 ae
238 3132 329 3204 populi
344 3145 488 3187 consensu.
507 3128 660 3187 erdoricus
678 3132 824 3203 imperator
836 3134 893 3190 ele-
942 3132 984 3187 eis
997 3132 1234 3203 reprehensionem
1256 3129 1383 3187 aCarnlo
1395 3131 1463 3188 benc
1475 3143 1630 3203 receptam,
1646 3151 1730 3207 reque

103 3203 221 3258 ctionem
252 3201 364 3256 Adriani
394 3199 489 3272 legatia
521 3198 707 3270 imperialibus
734 3203 892 3260 absentibus
942 3200 1078 3257 inlectale
1097 3200 1729 3275 atosdirnissosfuisse,cnmliliomejus,qoem

104 3270 212 3337 lacum,
239 3284 273 3327 ea
295 3269 453 3333 intentione,
469 3284 504 3326 ue
527 3263 693 3326 consuetodo
716 3273 891 3354 exspectandi
944 3273 971 3326 in
998 3217 1114 3328 uincufls
1141 3268 1290 3333 detinebat,
1318 3268 1528 3328 carlomannum
1556 3271 1728 3341 liberassent,

104 3341 206 3413 legatos
221 3339 890 3415 imperatoriselectiouiapostolicaeprorrudieium
944 3349 1059 3397 testatur
1090 3340 1241 3407 himoinus,
1269 3339 1338 3396 libro
1356 3340 1464 3411 quinto,
1494 3342 1582 3413 eapite
1598 3344 1729 3416 vigesimo

104 3418 290 3532 gereretuon
307 3417 411 3466 ιιιιιιιιιι
434 3425 488 3465 nort
513 3408 685 3478 impmbarit,
700 3411 747 3466 scd
772 3410 891 3483 legitime
942 3410 1068 3479 septimo.

115 3488 203 3535 actam
215 3478 427 3545 commendauit,
441 3487 469 3534 et
493 3478 619 3550 deinceps
632 3479 671 3533 ita
695 3479 754 3536 ileri
767 3489 795 3537 ct
812 3498 890 3537 usur·
978 3479 1131 3535 bodonicus
1143 3477 1291 3548 imperator
1301 3486 1447 3535 coronatur
1460 3479 1553 3537 liotore
1566 3481 1601 3538 ab
1610 3481 1730 3539 Adriano

104 3550 160 3620 pari
168 3565 221 3621 per
233 3549 341 3605 litteras
353 3548 534 3604 demandauit.
941 3564 990 3605 rex
1005 3548 1184 3614 Francorum,
1200 3557 1229 3604 et
1253 3562 1394 3604 successor
1404 3546 1499 3605 iratris
1509 3551 1629 3630 germani
1645 3552 1672 3608 in
1683 3552 1731 3609 illo

138 3618 288 3690 Postquam
298 3618 422 3674 volumen
437 3617 525 3673 Photii
537 3625 630 3672 eontra
642 3616 781 3673 Nicolaum
793 3634 889 3689 papam
942 3632 1036 3689 regno,
1049 3615 1126 3673 co‘ns
1136 3632 1227 3687 regent
1237 3614 1364 3672 carolum
1385 3617 1496 3674 Caluum
1505 3634 1561 3687 pam
1576 3629 1639 3676 ante
1649 3637 1728 3679 coro·

105 3687 255 3744 oonllctom
267 3689 426 3759 accepisset,
442 3685 560 3756 illudque
574 3686 639 3741 uiris
652 3686 740 3744 doctis
752 3697 780 3741 et
792 3689 890 3768 peritis
941 3694 1056 3751 naucrat
1074 3632 1237 3742 hincmarus
1259 3682 1422 3743 Bhemeosis
1441 3687 1594 3759 episeopus.
1607 3688 1672 3756 Qua
1684 3705 1729 3746 res

103 3758 315 3813 examinandum
338 3755 504 3820 tradidisset,
532 3763 681 3811 conuocato
702 3754 816 3810 conciho
837 3755 890 3812 uo·
941 3769 1003 3810 curo
1012 3755 1113 3811 basilio
1126 3756 1153 3810 in
1165 3753 1276 3811 Oriente
1289 3756 1459 3818 innotuisset,
1474 3755 1519 3811 ille
1533 3758 1566 3811 ad
1580 3772 1642 3812 cunr
1656 3756 1729 3830 lega·

105 3842 193 3891 mano,
205 3826 241 3883 de
256 3843 310 3898 quo
326 3825 411 3888 inira,
425 3824 550 3881 Photium
561 3825 781 3880 teranalhemate
791 3839 883 3896 percu·
941 3830 998 3879 tom
1013 3824 1095 3880 misit.
1107 3839 1169 3880 corn
1192 3823 1291 3877 litteris
1315 3823 1412 3893 quibos
1426 3822 1581 3944 increpabat
1594 3841 1743 3898 usurpas-¹

104 3896 143 3961 lit,
153 3897 269 3968 ejusque
279 3894 402 3953 volumen
413 3893 467 3964 igni
481 3892 652 3949 ad‘udicauit.
662 3891 786 3961 Ejusdem
798 3905 890 3949 aucto·
940 3899 995 3948 teru
1010 3907 1110 3948 nomen
1125 3892 1305 3960 imperatoris,
1320 3893 1391 3971 qrrod
1403 3891 1447 3946 ille
1464 3907 1480 3947 e
1509 3894 1596 3948 itteris
1615 3894 1728 3951 Adriani

106 3968 183 4021 ritate
213 3966 250 4021 ad
280 3966 438 4038 petitionem
467 3910 679 4019 orthodoxorum
712 3961 889 4018 Orientalium
940 3975 1016 4031 papae
1027 3977 1076 4033 per
1087 3958 1458 4041 legatos·Constantinopolim
1470 3960 1560 4016 allatis
1569 3962 1728 4035 abradijus·

106 4036 203 4092 indicta
214 4044 366 4092 cstoctaua
378 4030 683 4104 synodustecumeniea,
702 4029 808 4102 dequo,
822 4047 890 4101 prae·
939 4038 1022 4094 serat,
1037 4041 1211 4100 quantumuis
1234 4027 1313 4098 legati
1327 4029 1398 4083 sedas
1421 4029 1574 4099 apostolico
1598 4032 1729 4089 reclama·

106 4114 146 4159 ter
160 4120 192 4162 ea
206 4107 309 4176 quaein
322 4104 383 4160 i'ita
396 4102 505 4158 dumam
518 4115 598 4169 snpra
613 4110 799 4167 recensentur,
812 4101 889 4171 plura
940 4107 1011 4154 rent.
1025 4099 1128 4165 Quibus
1153 4112 1216 4152 acce
1237 4098 1281 4161 tis,
1302 4097 1452 4153 bodonicus
1465 4100 1499 4154 ad
1513 4102 1635 4157 eumdem
1650 4102 1727 4158 basi·

106 4173 224 4231 dicemus
238 4175 309 4232 iutra
324 4174 350 4229 iu
362 4174 432 4228 uotis
442 4170 562 4242 ejusdem
574 4168 692 4225 concilii,
940 4168 1004 4223 lium
1017 4166 1204 4238 hutpraudnm
1228 4175 1335 4237 egalom
1350 4167 1485 4235 decrerit;
1498 4170 1540 4224 cui
1556 4171 1589 4225 ad
1602 4172 1727 4229 eumdem

134 4242 281 4300 Lotbarius
289 4260 335 4300 rex
343 4239 793 4311 Galliachdriannmperepistolam
801 4249 888 4307 rogat,
938 4238 976 4293 im
1013 4246 1131 4293 ratoreut
1153 4251 1263 4309 gratem
1291 4245 1320 4293 el
1344 4237 1411 4293 satis
1428 4252 1518 4293 acrcm
1533 4240 1727 4312 apologeticam

104 4313 242 4385 utquoda
257 4312 367 4370 Nicolao
379 4312 562 4368 obtinerenon
576 4318 692 4378 poterat,
705 4311 762 4380 ipse
775 4309 889 4379 henigne
939 4307 956 4362 d
992 4308 1013 4363 it
1035 4305 1188 4379 epistolam,
1210 4322 1271 4379 qua
1285 4315 1374 4362 exstat
1398 4308 1469 4378 apud
1489 4308 1634 4364 Barouinm
1654 4326 1727 4367 anno

105 4385 234 4440 concedat
262 4402 271 4439 r
295 4382 433 4448 nimirum,
458 4389 488 4435 ut
513 4394 563 4449 pro
582 4379 622 4434 sui
643 4379 838 4449 expurgatione
855 4381 889 4436 ad
938 4376 1001 4441 tlt,
1017 4392 1091 4433 num.
1109 4377 1153 4433 tt.

107 4452 205 4508 Urbem
221 4454 316 4509 venire
338 4452 428 4508 liceat.
450 4449 505 4505 Sed
523 4463 584 4505 cum
602 4447 743 4518 aliquoties
758 4447 823 4505 iilud
840 4465 887 4520 pc·
974 4445 1106 4516 Tempore
1114 4444 1226 4502 Adriani
1241 4460 1315 4527 pape
1324 4444 1444 4502 Ecclesia
1455 4444 1602 4517 ungitrana
1614 4446 1725 4516 dignum
1750 4474 1752 4481 s

107 4523 169 4577 teuti
194 4537 227 4606 pa
250 4538 265 4577 a
289 4523 459 4593 denegasset,
479 4517 601 4591 permisit
620 4517 742 4584 tandem;
763 4533 815 4574 non
830 4520 888 4575 sine
938 4514 1091 4598 exemplum
1116 4514 1188 4587 regis
1216 4515 1337 4578 maximi,
1379 4514 1409 4579 ii,
1435 4514 1551 4585 tideiqne
1578 4518 1727 4598 constantis

106 4590 205 4662 ingenti
228 4539 406 4649 Brieutalium
432 4591 525 4646 Bonum
551 4588 584 4643 de
602 4587 703 4643 entium
729 4587 886 4654 offensione,
900 4624 923 4687 C
938 4584 1048 4641 exbibet
1063 4603 1070 4639 :
1084 4584 1122 4641 lle
1135 4599 1189 4655 quo
1203 4581 1344 4640 ltatthsus
1400 4592 1662 4665 estmnnastertensrs
1672 4595 1725 4641 rsta

106 4659 182 4728 quasi
204 4677 237 4718 ox
258 4662 380 4733 proiesso
394 4668 453 4716 acta
474 4657 561 4714 sancti
599 4656 676 4713 icolai
689 4673 765 4729 papae
803 4659 888 4715 raede-
939 4654 1053 4711 scribit:
1068 4653 1133 4709 Erat
1149 4651 1376 4709 reeAEtlretredar
1393 4653 1421 4709 in
1434 4654 1660 4708 tentoriomrsuou
1675 4671 1726 4709 ou·

107 4733 221 4786 cessoris
233 4732 275 4787 sui
288 4732 453 4787 rescinderet
469 4728 571 4792 omnia,
593 4743 625 4782 co
640 4726 707 4797 ipso,
722 4674 887 4798 quosquam
939 4724 1024 4789 dieue,
1036 4724 1081 4778 ubi
1095 4740 1154 4778 cnm
1167 4738 1234 4792 rape
1255 4739 1271 4777 o
1293 4724 1348 4777 onir
1367 4723 1522 4777 iuoitmetur
1534 4721 1568 4776 od
1584 4731 1725 4804 ceunomo,

108 4797 509 4870 illeUrbisaccessuindiguum
539 4796 888 4862 rohiboeral,hicadmise·
939 4804 1089 4848 constanter
1107 4791 1243 4864 offimrorit
1265 4808 1292 4846 te
1315 4808 1366 4874 uon
1390 4807 1552 4847 recessurum
1574 4807 1725 4874 priusquam

109 4867 142 4921 rit
153 4885 160 4922 r
173 4884 295 4940 quosque
308 4870 352 4927 ille
375 4884 436 4925 cum
448 4812 599 4924 Guutflarin
615 4863 767 4929 Coloniensi
782 4866 886 4937 relega·
938 4862 1072 4933 presbyter
1084 4863 1189 4917 aristoni
1204 4876 1261 4915 com
1279 4858 1390 4917 lecisset.
1416 4859 1482 4927 Qum
1499 4859 1564 4941 fider
1576 4858 1725 4942 'tiitnttronr

108 4947 192 5005 terat,
206 4940 302 4998 alttsre
316 4940 405 5011 poeuis
414 4938 565 5001 addixerat,
586 4935 630 4991 hic
644 4936 678 4991 ab
693 4933 788 4991 exsilio
812 4950 889 4991 reuo-
940 4933 1007 5002 regis
1020 4931 1131 4986 multum
1145 4878 1305 5011 sibiprossu‘t
1319 4931 1362 4985 alie
1374 4929 1437 4995 illo;
1448 4930 1515 4984 uicto
1525 4928 1621 4984 scilieet
1632 4928 1726 4985 adoer-

110 5010 219 5074 rarerit,
231 5019 283 5064 eta
298 5010 386 5080 paenis
396 5005 550 5063 absolverit.
564 5004 622 5072 litto
636 5005 740 5060 ratione
754 5014 844 5060 autern
855 5003 890 5060 ab
938 5002 1010 5056 torio
1023 5002 1290 5080 lrortepoteutrsonro.
1304 4999 1367 5056 llaec
1381 4999 1531 5080 Mattheus.

110 5075 158 5130 uae
167 5079 319 5148 suspicione
329 5093 358 5135 se
370 5077 536 5142 liberaverit,
546 5076 660 5130 retertur
670 5075 696 5129 iu
707 5073 768 5130 Vita
778 5074 890 5131 Adriani
975 5069 1042 5127 Post
1052 5071 1111 5127 baee
1124 5085 1186 5125 cum
1198 5069 1334 5125 Adrianus
1346 5085 1414 5141 papa
1431 5068 1546 5124 sedisset
1559 5081 1644 5123 annos
1657 5080 1724 5137 qua·

110 5157 181 5214 popae
192 5163 284 5217 sopra.
942 5147 1012 5207 tuor,
1031 5139 1289 5205 mensesdecem,ct
1307 5138 1367 5195 dies
1390 5137 1589 5208 septemdecim,
1605 5147 1726 5191 mortuos

143 5215 287 5273 tetardum
299 5216 476 5273 Nanuetensis
486 5213 613 5271 Ecclesia
624 5213 778 5285 episcopum
791 5212 890 5270 litteris
940 5218 984 5266 cst
996 5226 1068 5267 anno
1083 5209 1269 5280 Redemptoris
1286 5208 1371 5264 nostri
1384 5208 1456 5291 oetin
1475 5206 1606 5289 cntesimo
1619 5213 1726 5274 septua-

112 5278 220 5340 duarnm
233 5288 395 5359 synodorum
410 5285 552 5342 'trecensis
562 5292 589 5341 et
601 5283 803 5341 suessionensis
813 5300 888 5339 corn·
942 5281 1045 5352 gesimo
1066 5280 1196 5342 secondo,
1223 5279 1288 5349 ipsis
1301 5277 1428 5334 liniendus
1467 5275 1601 5356 orenrbrrs
1617 5281 1724 5353 :testa-

113 5355 261 5411 utendatum
276 5355 495 5411 aNortbmannis
508 5370 555 5412 sua
568 5353 680 5410 ecclesia
694 5353 847 5424 spoliatum,
860 5361 889 5409 ct
940 5358 985 5405 tor
1004 5348 1070 5405 illud
1091 5346 1232 5403 aimoinus
1245 5347 1325 5418 bujos
1339 5346 1467 5417 temporis
1480 5352 1594 5414 scriptor
1614 5340 1684 5397 lrbro
1696 5357 1723 5409 r,

114 5420 283 5482 abrilanuis
305 5426 400 5482 eadem
420 5424 592 5495 pessumdata
612 5422 694 5478 multa
719 5438 887 5494 perpessum,
939 5417 1178 5542 cag.293iodne.
1368 5484 1375 5498 ι
1464 5482 1469 5493 Ι
1605 5479 1611 5492 .
1650 5478 1657 5491 .

113 5490 196 5547 rtrum
209 5494 308 5564 pietate
321 5503 349 5551 el
375 5494 497 5551 doctrina
520 5493 664 5565 iusignenr,
689 5508 749 5547 curu
773 5492 900 5555 Romam,
987 5502 1087 5543 seurm
1109 5502 1155 5556 qur
1174 5496 1235 5558 post
1251 5486 1422 5564 Anastasrutn
1437 5481 1526 5563 ittam
1547 5478 1657 5537 hdrruur
1671 5494 1725 5561 ,se-

115 5561 236 5629 renisset,
257 5565 337 5636 digne
362 5566 478 5635 excepit,
502 5578 629 5634 euinque,
645 5572 674 5617 nt
692 5558 804 5617 baberet
817 5560 888 5616 urrde
940 5554 1020 5613 cundi
1033 5562 1061 5611 ct
1074 5554 1203 5625 Stephani
1226 5553 1294 5611 sexti
1317 5555 1470 5632 descripsit,
1483 5548 1611 5606 collector
1622 5553 1721 5630 potrus,

116 5626 212 5686 rivaret
242 5634 367 5704 prouidit,
400 5647 416 5689 a
448 5648 481 5690 ue
512 5632 593 5688 etiam
624 5632 706 5701 pallio
736 5628 887 5685 exornavit.
941 5624 1190 5706 anctoreilarouio,
1211 5638 1293 5694 quarn
1306 5623 1421 5694 scriptor
1435 5620 1555 5675 lotarum
1565 5615 1724 5693 pontrucoro

117 5693 174 5779 *buc
191 5714 225 5782 ex
245 5703 362 5761 epistolis
383 5702 495 5773 Adriani
510 5717 560 5759 oro
579 5701 696 5758 detardo
720 5701 753 5757 ad
769 5700 889 5756 diuersos
941 5703 1140 5768 preteritorum
1153 5703 1193 5751 est
1208 5690 1391 5750 affirmantius.
1411 5687 1547 5747 Stultus

266 5884 391 5945 Potoot
