4167 6625
41 325 110 383 sti
369 315 494 377 inusto
511 314 653 378 mauult
671 313 703 373 S.
721 309 882 373 munisti.
899 336 936 353 ·-
952 307 997 368 DE
1013 300 1141 366 blttntts
1156 300 1355 364 nesmlsus.
1613 300 1683 358 tiss

35 440 124 498 nodo
138 435 275 508 theologia
285 436 416 507 ossaednm
428 436 535 507 quidem
549 434 646 492 unitim
658 433 750 501 tradit,
762 447 844 503 quae·
857 436 882 499 Α
895 428 1015 486 omnium
1034 405 1128 485 omnia
1146 426 1264 493 lumina,
1286 434 1316 482 et
1335 439 1418 481 unam
1436 424 1585 482 claritatem
1599 424 1684 483 indis·

35 535 100 588 lam
116 544 193 585 vero
206 529 332 585 discrete.
349 528 384 583 Et
397 517 574 597 rrcffue‘unita
592 540 719 596 separare
737 523 840 594 justum
892 530 996 578 cretam
1010 519 1185 583 recentem
1205 529 1235 574 et
1250 532 1303 573 non
1317 518 1399 573 etiam
1411 516 1488 588 anis,
1503 524 1534 571 ut
1552 517 1683 577 arbitror.

35 630 86 690 gt,
107 602 208 692 ,ᾗῇ
230 620 347 675 discreta
371 620 547 683 contundere,
560 618 607 675 sets
622 626 767 690 soquentes
780 631 840 673 eam
891 608 991 681 peterit
1012 607 1127 679 alicujus
1150 608 1282 678 lampadis
1301 606 1392 663 lumen
1407 607 1514 664 abuliis
1536 622 1569 664 eu
1592 609 1684 664 omnia

35 720 117 768 uxta
133 710 268 764 uirtutem
276 709 302 762 iu
310 708 415 764 diuinos
424 708 582 779 splendores
593 708 771 779 respicerem
779 706 841 762 inde
891 698 994 755 lunuina
1008 700 1158 756 continenti
1186 699 1249 754 aere
1264 699 1436 766 discernere,
1459 707 1486 756 et
1508 700 1601 756 ridere
1622 700 1683 757 sine

35 802 155 858 nosnos
171 799 407 856 manifestationes
421 800 596 870 scriptores,
612 800 683 856 stom
696 799 841 869 toroneam
892 788 978 844 strom
991 797 1069 860 essse
1087 788 1200 844 sterno
1213 798 1329 860 psorem,
1347 789 1411 846 totns
1423 789 1450 845 to
1467 789 1531 846 rous
1543 788 1684 846 inconfuse

35 893 174 967 epulam
198 891 424 949 lormosissimam
443 894 575 957 ueritatis,
592 891 627 949 ibi
643 892 729 964 posita
751 901 842 949 custo·
892 879 1112 950 contemperatis.
1128 877 1182 934 5²1¹
1200 878 1223 934 δί
1247 879 1330 934 eliam
1354 894 1434 935 unam
1449 881 1510 951 quis
1529 880 1684 937 iidlsslillffl

35 982 98 1039 tere
118 982 150 1039 p„
167 981 324 1051 semetipsis
349 996 401 1037 „011
425 980 614 1053 metentem,
637 991 665 1038 et
686 997 739 1037 110„
754 982 842 1037 mtto.
891 968 1180 1037 condescenderunt,
1200 970 1320 1026 coibitet
1331 973 1469 1042 proprium
1483 973 1682 1040 totumlnmeu,

35 1081 117 1138 sta,
132 1080 167 1129 et
180 1071 400 1130 inconversibilia
414 1071 583 1137 lesttoemos,
604 1071 631 1127 in
649 1072 770 1129 custodia
785 1072 842 1129 elo·
892 1060 995 1115 ”illlum
1027 1060 1155 1131 quiddam
1180 1060 1294 1117 ³¹i⁰¹¹¹¹¹¹
1319 1062 1451 1119 luminum
1485 1064 1512 1119 5¹¹
1538 1065 1685 1137 semetipsa

35 1161 180 1235 tulos-um
201 1163 339 1229 custoditi,
358 1174 387 1219 et
409 1164 444 1218 ab
466 1164 531 1234 ipsis
557 1164 583 1219 in
605 1165 789 1222 custodientes
808 1180 841 1221 oa
892 1153 1085 1226 complectens,
1108 1163 1154 1210 aut
1176 1155 1275 1211 suimet
1306 1155 1400 1212 alteris
1424 1155 1589 1228 relinquens.
1619 1157 1685 1212 Erat

35 1251 261 1309 zustodiendnm
277 1260 411 1323 petentes.
428 1251 508 1309 linita
524 1253 632 1323 quidem
650 1255 733 1310 totius
745 1255 842 1311 divini.
891 1244 964 1300 enim
978 1260 1088 1309 earunn,
1109 1246 1181 1316 quod
1192 1246 1302 1317 quidem
1316 1246 1382 1313 dixi,
1403 1248 1524 1303 omnnium
1538 1249 1571 1305 ad
1594 1250 1684 1304 onmia

35 1344 107 1401 att,
136 1351 216 1410 sunt,
236 1353 266 1402 ot
277 1344 305 1399 itt
321 1343 478 1418 thmgmts
491 1345 693 1402 elementatus
707 1346 841 1418 perplura
892 1331 1091 1404 perfectissima
1110 1334 1221 1400 unitas,
1245 1335 1420 1391 incommixta
1435 1336 1636 1404 universaliter,
1657 1349 1687 1394 cs

35 1450 72 1491 cx
102 1433 230 1505 eloquiis
252 1433 432 1500 osterndimus,
455 1434 648 1504 superbonum,
668 1436 840 1504 superdeum,
891 1424 965 1481 nulla
988 1435 1065 1496 parte
1087 1425 1198 1482 conlusa
1211 1442 1218 1479 z
1232 1435 1260 1482 et
1275 1426 1351 1493 hacce,
1368 1428 1503 1482 existento
1520 1427 1547 1481 in
1572 1443 1686 1498 corpore

35 1523 291 1597 superessentiale,
305 1522 491 1595 supet-riscus,
505 1501 843 1597 supersapionffinnse.
892 1518 973 1582 aere,
994 1523 1022 1571 et
1045 1530 1080 1571 ex
1105 1516 1238 1572 materiali
1264 1519 1326 1589 igue
1341 1519 1474 1589 pendente
1498 1518 1608 1573 lurrtiuc.
1634 1518 1685 1575 Ubi

35 1629 169 1686 :umque
189 1613 416 1686 supereurinentis
436 1623 500 1671 snm
521 1615 674 1679 ablationis,
696 1631 758 1670 eum
779 1615 842 1686 qui·
892 1623 958 1665 sere
976 1608 1232 1678 superessentialem
1249 1609 1382 1666 unitatem
1398 1611 1606 1684 supercollocari
1619 1612 1686 1669 dici-

35 1717 95 1766 bus
109 1716 143 1765 et
156 1706 277 1763 csusdm
289 1707 391 1774 emnia,
404 1707 550 1777 optimum,
567 1707 678 1772 murum,
690 1704 728 1773 is,
746 1706 842 1762 risen·
892 1713 963 1767 tuus,
989 1715 1042 1755 raon
1056 1697 1083 1755 in
1097 1699 1283 1772 corporalibus
1304 1710 1406 1757 tanatum
1421 1702 1581 1769 unitatibus,
1597 1704 1645 1760 sed
1659 1713 1688 1761 et

35 1800 114 1857 tium
127 1813 240 1871 parens,
253 1797 370 1868 sapiens,
385 1803 412 1851 et
421 1810 608 1868 qttaeenmque
619 1811 651 1851 es
663 1795 773 1865 optimis
785 1795 842 1853 suis
856 1789 947 1858 Binis,
960 1804 1031 1861 quae
1044 1800 1107 1846 sunt
1121 1791 1147 1846 in
1158 1791 1301 1847 animabus
1313 1792 1391 1863 ipsis,
1406 1801 1434 1849 et
1446 1794 1473 1850 in
1497 1795 1562 1867 ipsis
1585 1795 1689 1866 intelle,-

35 1889 242 1947 donationibus
256 1889 264 1919 ¹
288 1886 410 1943 omnium
434 1887 566 1942 bonorum
581 1900 662 1942 cansa
684 1886 843 1942 denomina·
894 1885 993 1952 ctibns,
1006 1899 1077 1956 quae
1093 1885 1192 1941 babent
1205 1883 1405 1942 incommixtim
1424 1895 1452 1943 et
1469 1889 1689 1957 supernnmdane

35 1989 100 2037 tur.
130 1979 359 2036 Discretaautcm
378 1976 467 2034 Patris
486 1978 714 2050 superessentiale
731 1995 842 2048 nomen,
893 1991 943 2050 per
965 1984 1021 2033 tcta
1046 1975 1188 2060 «ΜΨ
1210 1989 1238 2032 et
1249 1977 1460 2049 supercaelestia
1483 1978 1585 2034 lumina
1609 1980 1687 2051 justa

35 2077 70 2126 et
99 2084 161 2135 res,
184 2077 213 2125 et
234 2067 295 2126 lilii
310 2076 338 2124 et
360 2066 480 2139 Spiritus
502 2069 575 2126 nuda
589 2069 617 2125 in
631 2069 674 2126 luis
687 2069 842 2141 reciproca·
893 2068 1129 2141 participationem
1141 2067 1379 2125 corrationabilem
1393 2069 1617 2142 participantibus
1630 2087 1689 2127 onn-

35 2163 135 2229 tione,
149 2168 199 2217 aut
217 2162 329 2217 omnine
342 2161 535 2217 eornmunitate
553 2161 706 2218 introducta
731 2160 781 2219 list
793 2178 843 2219 au·
894 2161 976 2218 nibus
988 2174 1177 2234 superremota
1194 2162 1310 2218 unitate.
1336 2162 1384 2217 Est
1410 2171 1541 2218 autemst
1560 2164 1688 2221 discretio

35 2260 103 2309 tem
121 2253 223 2307 iterum
234 2250 268 2306 ab
278 2250 322 2308 bis
331 2250 478 2307 discretum
490 2250 546 2323 ipsa
557 2252 703 2308 seeundum
716 2267 767 2310 nos
784 2251 844 2310 lesu
894 2254 924 2311 in
937 2253 1208 2326 superessentialibus
1223 2253 1380 2328 theologiis,
1401 2269 1454 2311 non
1470 2270 1551 2326 quam
1564 2257 1688 2313 dicebam

35 2342 253 2415 perfectissima
273 2350 301 2399 et
321 2341 497 2397 immutabilis
515 2342 701 2410 subsistentia,
720 2352 748 2401 et
760 2358 845 2416 quae-
894 2345 1079 2412 solummodo,
1105 2347 1168 2419 quia
1187 2356 1215 2403 et
1243 2347 1314 2403 itane
1337 2347 1469 2403 unitatem
1493 2347 1689 2408 incommixtim

35 2449 170 2504 cumque
191 2433 341 2489 secundum
360 2432 447 2502 ipsam
466 2439 532 2488 snut
553 2432 730 2490 numanitatis
753 2447 845 2491 essen
894 2439 1022 2507 collocat,
1034 2450 1064 2496 et
1076 2440 1216 2497 inconfuse
1231 2455 1408 2512 unaquaeque
1422 2441 1610 2512 principalium
1623 2442 1689 2498 sub-

35 2524 129 2582 tialia
155 2522 294 2595 mysteria.
317 2521 431 2594 Oportet
442 2531 544 2591 autem
559 2532 591 2580 ut
606 2524 735 2591 arbitror,
759 2525 845 2598 magis
895 2532 1079 2587 stantiarum:
1100 2531 1148 2589 sed
1171 2532 1234 2603 quin
1247 2539 1275 2587 et
1293 2545 1364 2603 quae
1378 2539 1443 2588 sunt
1455 2532 1692 2602 superessentialis

36 2616 218 2688 recipientes
229 2629 278 2671 llos
286 2612 514 2688 perlectissimum
525 2615 633 2672 divitiae
652 2625 679 2671 el
694 2615 807 2673 tltlilslis
817 2626 846 2672 el
897 2625 1068 2697 theogoniae,
1083 2641 1136 2681 non
1150 2626 1356 2695 reciprocantur
1375 2625 1408 2681 nd
1421 2639 1452 2680 tte
1467 2625 1595 2683 invicem,
1612 2624 1692 2682 Solus

37 2706 228 2768 dissrslillssil
240 2720 377 2780 filistim
390 2707 511 2773 modum,
528 2714 674 2778 utcumque
688 2706 766 2764 ”libii
777 2706 846 2764 belle
895 2727 986 2775 summ
1005 2717 1066 2773 lons
1078 2716 1312 2787 snpercsseonatis
1326 2715 1437 2772 deitatis
1447 2714 1544 2785 Pater,
1560 2717 1624 2773 dnus
1636 2733 1691 2774 non

38 2800 227 2874 conspiciens
238 2799 328 2857 omnis
339 2799 459 2871 ingenita
469 2804 512 2855 ssi
525 2798 606 2865 ratio,
619 2798 724 2855 ramum
735 2798 847 2872 quidem
896 2808 933 2865 sit
955 2806 1039 2863 Filius
1060 2816 1146 2877 pater,
1162 2820 1250 2877 neque
1270 2804 1353 2862 Pater
1375 2804 1455 2873 lilius,
1478 2805 1693 2864 custodientibus

38 2900 178 2953 oteness
193 2907 248 2951 non
264 2889 438 2949 manilesmm
451 2891 626 2965 relinquens,
641 2893 711 2949 bene
728 2893 847 2951 discrete
895 2900 1005 2971 propria
1018 2899 1142 2956 laudibus
1155 2907 1230 2955 recte
1240 2898 1385 2970 unicuique
1399 2898 1552 2955 diuinarum
1564 2899 1692 2957 substan·

40 3000 121 3045 νοω
130 2994 158 3044 et
171 2984 349 3043 mandesteet
358 2985 428 3041 bene
439 2985 562 3041 ordinate
575 2986 684 3057 propria
697 2986 846 3043 secundum
897 2991 1004 3049 tiarum.
1018 2991 1092 3046 llaec
1102 2989 1210 3094 Qu
1224 2990 1372 3048 secundum
1384 2988 1548 3046 ineffabilem
1559 2989 1691 3047 unitatem

41 3081 184 3138 virtutem
206 3079 391 3136 considerans.
416 3076 521 3135 Vocant
542 3079 626 3145 enim,
650 3080 722 3150 quod
737 3081 845 3152 quidem
897 3081 1692 3164 etsubsistentiamtrnrtasetdiscretio.SiQtemetdisina

41 3182 86 3233 es
105 3174 134 3230 in
155 3171 217 3228 aliis
233 3171 368 3237 dixeram,
383 3177 494 3228 uestrae
511 3170 677 3243 theologicae
692 3171 846 3229 traditionis
859 3150 883 3215 G
898 3175 1028 3233 discretio
1047 3184 1090 3230 est
1110 3175 1211 3246 optima
1230 3174 1368 3246 processio
1389 3174 1502 3231 unitatis
1517 3174 1625 3231 diuinae
1648 3189 1694 3231 su·

42 3265 130 3327 sacri
154 3263 280 3321 docteres
301 3264 421 3320 ueritates
435 3242 663 3343 nmbnidirinas
688 3277 848 3336 superares·
898 3268 1025 3341 perunite
1047 3267 1222 3338 semetipsam
1247 3265 1369 3323 bonimtc
1401 3273 1429 3323 et
1461 3263 1643 3338 plurificantis
1666 3274 1695 3322 et

44 3371 111 3418 nae
122 3365 151 3412 et
163 3354 397 3427 superincognitae
413 3354 525 3413 ustilatis
544 3354 665 3410 occultas
677 3364 705 3410 es
715 3355 850 3410 inremea-
900 3357 1116 3428 multiplicantis,
1141 3359 1234 3412 unitae
1259 3355 1370 3427 quidem
1391 3364 1455 3412 suut
1478 3357 1626 3413 secusdum
1652 3357 1695 3413 di·

44 3449 128 3509 biles
150 3445 439 3519 supercollocationes,
461 3444 639 3501 discretiones
654 3458 723 3521 sege
733 3444 849 3515 optimas
899 3450 990 3504 sinam
1023 3447 1215 3504 discretionem
1243 3445 1479 3503 immensurabiles
1512 3446 1694 3513 traditiones,

47 3538 211 3599 diuinitatis
240 3545 268 3592 et
296 3535 502 3607 processiones,
534 3544 562 3590 ct
605 3535 848 3592 nranitostanones.
900 3538 1112 3596 essentialitates
1143 3536 1259 3605 uitales,
1290 3533 1557 3608 sapieottllcauones,
1573 3535 1697 3607 aliaeque

48 3635 92 3693 Et
112 3632 190 3687 aiunt
214 3614 417 3698 oacra‘etoooia
437 3637 600 3698 oequcutm,
626 3636 654 3682 ct
681 3627 769 3683 dictae
792 3627 851 3683 uni-
901 3629 1073 3694 donationes,
1088 3628 1210 3684 omnium
1224 3624 1473 3693 causacbonitatls,
1490 3623 1566 3694 insta
1581 3641 1649 3697 quas
1662 3641 1696 3681 ex

53 3724 127 3781 tatis
156 3718 296 3792 propria:
320 3716 474 3782 etiterum,
497 3715 670 3773 discretionis
691 3733 751 3775 csse
770 3732 853 3789 quas·
902 3720 1053 3791 participiis
1078 3728 1106 3774 et
1123 3717 1347 3789 participantibus
1374 3717 1520 3773 laudantur
1545 3716 1696 3786 impartici-

55 3816 125 3872 dam
152 3809 284 3882 speciales
311 3815 340 3864 et
365 3807 484 3863 unitates
509 3815 537 3862 et
562 3806 760 3875 discretiones,
789 3810 852 3865 et'
903 3823 966 3885 pate
1003 3811 1172 3884 participata.
1209 3808 1440 3891 EQtiam
1477 3821 1642 3873 commune,
1668 3814 1697 3863 et

56 3910 87 3965 in
127 3903 229 3959 unitate
253 3900 345 3956 divina
376 3899 436 3957 sine
470 3899 754 3972 superessentialitate.
785 3899 855 3958 lini·
903 3905 1027 3969 unitum,
1052 3910 1080 3958 ct
1103 3915 1186 3956 unum
1213 3910 1255 3954 est
1278 3899 1327 3954 toti
1354 3896 1592 3965 deitati,emnem
1609 3896 1696 3969 ipsam

57 4007 122 4055 tum
148 3994 255 4075 ‘lQ'n
280 4000 323 4048 est
344 3991 392 4048 nni
416 3989 558 4063 principali
584 3990 711 4047 Trinitati
733 4001 762 4047 et
779 4007 854 4050 com·
904 4005 989 4053 totam
1003 3994 1038 4050 ab
1053 4005 1216 4062 unoquoque
1232 3988 1453 4061 participantium
1476 3988 1649 4061 participari,
1668 3999 1698 4046 et

59 4101 148 4147 mucre
189 4081 424 4154 superessentialis
463 4080 659 4149 subsistentia,
774 4084 855 4141 rdeus
904 4087 1123 4147 anniluiterum
1137 4081 1209 4139 nulla
1221 4082 1476 4156 pertersicutrota
1496 4082 1524 4138 in
1544 4082 1698 4140 mediocir·

61 4181 153 4238 deitas
187 4173 355 4259 subalbentis
395 4171 504 4229 bonitas
536 4171 677 4239 omnium,
713 4188 801 4230 summ
814 4184 856 4231 tas
905 4181 959 4240 culi
986 4181 1020 4237 ab
1051 4178 1177 4236 omnibus
1205 4178 1232 4234 in
1257 4159 1586 4247 otomffi‘enonmpostuo
1616 4177 1699 4235 rectis

63 4268 252 4333 suminitalum
264 4266 385 4322 omnium
410 4264 434 4332 ⁸,
448 4266 531 4321 tetius
543 4265 718 4337 proprietatis
730 4267 856 4324 immuta·
906 4274 1008 4340 lineis,
1021 4281 1051 4329 et
1073 4273 1145 4329 sicut
1167 4271 1245 4345 signo
1259 4269 1401 4328 enormen
1426 4269 1512 4327 muita
1533 4268 1698 4341 participant

63 4367 170 4428 bilitas,
183 4376 265 4433 super
278 4358 459 4432 principatum
474 4358 573 4424 unitas,
581 4356 725 4426 ineffabile,
733 4359 856 4417 multivo·
906 4364 1065 4439 priompalis
1077 4361 1193 4435 exempli
1211 4363 1298 4433 signo,
1310 4368 1338 4417 et
1352 4360 1379 4415 in
1392 4373 1556 4432 numaeque
1573 4357 1699 4416 morma-

65 4472 143 4519 eum,
158 4452 319 4525 ignicremis,
333 4464 414 4507 emus
427 4449 571 4514 invisibile.
594 4451 717 4506 omniunt
735 4451 854 4522 positio,
908 4468 997 4516 torum
1009 4466 1066 4513 toto
1079 4464 1108 4512 et
1120 4455 1216 4510 cedem
1226 4452 1370 4518 existente,
1380 4459 1410 4506 et
1422 4452 1449 4506 iu
1463 4448 1538 4507 nullu
1551 4451 1698 4508 semndum

67 4547 190 4606 omnium
216 4542 331 4608 ablatio,
354 4556 436 4614 super
457 4554 565 4599 omnem
590 4550 618 4598 et
642 4543 803 4613 positionem
829 4554 858 4601 et
910 4547 1011 4608 trullam
1024 4555 1140 4618 partem.
1166 4542 1364 4614 Superpenitnr
1377 4549 1467 4597 annm
1480 4539 1562 4596 etiam
1576 4540 1620 4597 his
1634 4555 1699 4598 cau·

69 4638 231 4696 sblsli⁰¹¹⁰¹¹l
246 4633 316 4689 inter
330 4647 361 4689 ⁸⁰
374 4633 509 4695 inlicem·
532 4632 554 4688 ii
567 4631 607 4689 ⁸5⁰
620 4639 727 4704 ⁰ll⁰llel
750 4633 858 4700 dicere,
912 4639 1062 4700 salissimue
1071 4635 1178 4695 deitatis
1189 4634 1567 4706 irnparticipatio,quenequc
1580 4641 1700 4693 attactus

71 4725 261 4804 principalium
289 4723 503 4780 substantiarum
525 4723 631 4780 mansio
655 4733 685 4780 et
706 4724 857 4793 collocatio,
912 4733 972 4806 eins
986 4731 1036 4798 sit,
1060 4743 1148 4801 neque
1162 4728 1215 4783 alia
1229 4725 1360 4799 quomam
1376 4725 1410 4781 ad
1422 4725 1611 4797 participantia
1624 4740 1701 4784 cem·

74 4818 642 4891 ooircrsditersnpcmnisa,etnnttsparte
654 4818 860 4894 confusa,th
913 4824 1000 4880 mista
1020 4820 1146 4878 societas.
1171 4818 1206 4875 Et
1229 4815 1338 4887 nunidem
1361 4816 1461 4872 dixerit
1478 4816 1556 4887 quis,
1582 4831 1637 4873 non
1661 4823 1706 4875 est

75 4918 175 4978 lumina
196 4904 361 4986 lampadum,
380 4919 410 4967 ut
427 4909 600 4967 sensibilibus
621 4918 649 4966 et
669 4911 786 4982 propriis
798 4921 861 4968 utar
915 4916 1023 4988 signum
1036 4913 1064 4969 in
1079 4911 1144 4968 totis
1164 4907 1313 4966 efformatis
1331 4915 1418 4963 tetum
1443 4917 1470 4963 et
1492 4907 1591 4979 ipsum.
1600 4909 1707 5005 Q!
1755 4920 1784 4995 st

78 5010 216 5082 exemplis,
227 5009 290 5066 dum
303 5015 367 5065 sunt
380 5007 406 5061 in
421 5005 501 5063 dome
516 5019 580 5070 una,
595 5011 624 5060 et
642 5014 699 5060 tota
712 5006 739 5060 in
750 5020 779 5061 se
795 5004 865 5063 inri-
915 5008 967 5063 boc
981 5020 1035 5062 non
1047 5004 1154 5075 sigerum
1168 5015 1249 5058 musa
1263 5017 1271 5055 r
1286 5014 1394 5056 omnem
1407 4999 1481 5055 enim
1502 5000 1619 5071 seipsam
1639 4999 1704 5065 illa,

80 5120 138 5163 cem
151 5100 341 5162 subsanneret
361 5096 547 5167 diligentema
570 5109 601 5151 se
623 5095 737 5153 inuicem
757 5096 866 5169 proprie
909 5080 1070 5160 effidem,
1093 5101 1122 5149 et
1140 5091 1287 5162 unicuique
1309 5088 1412 5147 indit⁸.
1437 5089 1497 5160 lpsa
1515 5104 1624 5162 quoque
1642 5105 1692 5160 par

81 5194 246 5253 snbsmutem
259 5187 361 5243 babent
377 5184 580 5251 discretionem,
599 5186 673 5240 unita
691 5184 864 5253 discretione,
915 5187 1085 5259 sicipantinm
1099 5182 1249 5240 differentia
1263 5182 1452 5239 dissimilitudo
1462 5180 1528 5237 lacit
1539 5181 1705 5242 decolorata,

83 5294 112 5342 et
124 5284 222 5339 unitate
232 5277 480 5363 dmrcm.}te]dsn
497 5275 619 5333 videmus
631 5277 659 5332 in
679 5277 758 5334 domo
771 5279 864 5336 miultis
917 5286 1022 5343 uno,es
1046 5283 1118 5340 toto,
1134 5280 1162 5329 ct
1184 5273 1280 5328 amem
1304 5269 1447 5342 principali
1467 5271 1599 5341 exemplo.
1618 5267 1662 5332 Ut,
1682 5268 1706 5325 si

85 5375 165 5434 uniit
189 5371 356 5444 lampadibus
376 5370 410 5426 ad
433 5384 517 5426 uuum
539 5368 647 5426 miouod
672 5369 762 5428 lumen
789 5373 866 5428 uuita
918 5367 1026 5437 quidem
1040 5363 1130 5420 modia
1141 5361 1346 5430 etlortnabilia,
1361 5362 1502 5418 autetiam
1514 5361 1594 5431 plana
1605 5368 1706 5417 etcou·

729 5519 858 5578 lellAE
875 5516 1076 5579 LECTlONES.

92 5661 454 5796 fidmmffi‘srnoggzilust
468 5658 733 5717 Bdcminnticrriiss.
772 5656 843 5715 ’AB
855 5668 895 5714 st.
945 5656 1122 5715 ’Ssnmsitss
1140 5653 1321 5712 ssrnssitstsss
1343 5666 1460 5711 emersas
1481 5666 1537 5709 cm.
1552 5649 1608 5708 llll.
1657 5652 1708 5712 ‘li

283 5823 420 5884 nomos.
446 5819 576 5884 cxxii.
853 5828 911 5851 “⁴⁴
1272 5906 1282 5911 „
1472 5813 1512 5877 dd
