4167 6625
822 331 925 409 7:11

2228 321 2516 385 JOANNIS
2547 322 2746 384 scon
2842 372 2861 388 .
3939 338 4015 398 m

822 447 1002 511 causis
1053 423 1383 520 generalem,
1413 420 1640 501 alteram
1669 440 1723 499 in
1760 453 1946 501 earum
1976 436 2258 496 effectibus
2288 454 2412 510 spe·
2443 445 2497 505 A
2521 438 2835 497 nullatinita
2853 439 3149 499 substantia
3163 441 3624 501 circumcluditur?
3647 441 3773 500 Mac.
3796 442 4017 508 lmoetmu

818 538 1036 595 etalem.
1079 535 1218 590 illac.
1244 535 1386 589 Duas
1410 548 1514 588 non
1547 530 1775 587 dixerim
1793 571 1809 599 ,
1833 529 1929 586 sed
1951 544 2114 584 utiam
2140 527 2423 599 dupliciter

819 607 1169 695 intellectam.
1236 624 1408 681 Aliter
1468 624 1611 680 enim
1675 623 1909 678 humana
1972 621 2271 677 substantia
2322 636 2424 692 per

818 718 1184 798 conditionem
1239 717 1291 771 iu
1338 713 1792 771 intellectualibus
1847 713 2173 784 perspicitur
2219 712 2420 778 causiS,

818 815 978 879 aliter
1020 828 1117 885 per
1161 811 1563 889 generationem
1615 809 1667 863 in
1711 808 2015 865 effectibus.
2074 807 2150 861 lbi
2202 805 2419 875 quidem

816 904 962 972 omni
994 901 1351 957 mutabilitate
1395 900 1583 965 libera,
1624 900 1711 955 hic
1761 897 2107 954 mutabilitati
2140 896 2418 962 obnoxia;

817 996 893 1054 ibi
932 993 1157 1063 simplex
1200 991 1558 1061 omnibusque
1610 989 1978 1044 accidentibus
2013 988 2259 1043 absoluta
2303 1004 2422 1043 otn-

815 1099 939 1143 nem
966 1081 1151 1157 effugit
1202 1080 1499 1136 contuitum
1529 1090 1582 1133 et
1624 1079 1951 1134 intellectum
1999 1079 2040 1142 ¹,
2075 1078 2164 1132 liic
2203 1091 2424 1147 compo-

816 1158 1069 1235 sitionem
1110 1172 1382 1244 quandam
1409 1187 1476 1226 cx
1503 1167 1899 1240 quantitatibus
1942 1176 1997 1221 et
2046 1166 2416 1236 qualitatibuS,

818 1255 1140 1335 ceterisque,
1175 1279 1314 1333 quae
1338 1263 1482 1316 circa
1513 1275 1630 1315 eam
1665 1258 2057 1333 intelliguntur,
2080 1257 2295 1328 accipit,
2326 1271 2422 1327 per

814 1331 979 1426 quam
1005 1357 1024 1386 ³
1056 1354 1253 1408 mentis
1285 1337 1473 1422 recipit
1506 1352 1781 1406 intuitum.
1827 1350 1940 1404 Una
1993 1350 2176 1419 itaque
2208 1349 2424 1405 eadem-

814 1460 923 1515 que
950 1442 1114 1498 veluti
1139 1441 1330 1512 duplex
1360 1442 1558 1496 dicitur
1584 1449 1804 1511 propter
1823 1439 2092 1510 duplicem
2118 1438 2201 1494 sui
2231 1453 2423 1508 specu-

815 1535 1099 1598 lationem,
1139 1538 1331 1602 nbnpn-
1380 1546 1556 1586 tannen
1608 1549 1756 1587 mam
1808 1531 2421 1603 incomprehensibilita-

816 1637 930 1684 tem
972 1626 1223 1686 eliz-iltussl,
1263 1630 1311 1678 'tn
1343 1627 1520 1678 *sanan-,t
1552 1630 1616 1674 tlt*
1640 1650 1668 1670 n
1694 1633 1748 1678 Ol
1770 1623 1822 1677 ln
1854 1623 2151 1691 effecllbus,
2184 1625 2290 1679 hOC
2314 1632 2420 1690 882,

817 1704 933 1775 sive
970 1720 1111 1772 ninia
1159 1722 1203 1771 in
1251 1734 1343 1771 sna
1392 1718 1767 1783 elamite-itate,
1798 1699 1912 1769 sive
1942 1715 2310 1771 accidentibus
2339 1716 2424 1769 in-

2529 530 2631 586 hoc
2666 532 2902 588 maximo
2938 541 3257 605 argumento
3296 532 3574 605 colligitur,
3619 532 3750 604 quod
3780 533 3828 590 in
3860 535 4020 598 homine

2527 624 2708 680 omnis
2735 634 2987 681 creatura
3035 626 3464 683 substantialiter
3510 636 3683 683 creata
3717 628 3798 684 sit.
3832 629 4017 693 Omnium

2525 716 2816 786 siquidem,
2847 732 2987 790 quae
3029 728 3173 787 sunt,
3207 718 3506 774 suh=tantia
3535 716 3676 773 nullo
3700 719 3842 774 modo
3864 721 4016 780 deliniri

2525 816 2704 877 potest
2733 809 2859 878 quid
2896 809 2985 876 sit,
3024 818 3161 866 teste
3191 810 3450 882 Gregorio
3481 810 3735 882 theologo,
3767 812 3921 882 quide
3940 817 4021 872 tali-

2525 898 2629 954 bus
2655 899 2912 968 disputat,
2940 915 3104 971 agens
3129 902 3414 956 amer-sum
3452 915 3564 967 eos,
3590 901 3677 974 qui
3717 911 3901 975 negant,
3931 904 4019 961 Ver·

2524 987 2652 1043 bum
2683 987 2775 1043 Dei
2808 989 3258 1058 superessentiale
3299 990 3342 1023 ⁸⁰
3385 1005 3521 1058 esse,
3561 992 3905 1048 contendentes
3935 994 4023 1051 illud

2524 1077 2583 1131 in
2625 1076 2804 1146 aliqua
2842 1078 3143 1133 substantia
3186 1079 3527 1146 concludere,
3559 1095 3621 1135 ac
3647 1093 3737 1164 per
3757 1081 3844 1138 hoc
3868 1100 4023 1140 nonsu-

2523 1180 2625 1237 per
2654 1167 2835 1221 omnia
2864 1183 3008 1233 esse,
3055 1167 3149 1223 sed
3191 1169 3244 1223 in
3284 1183 3511 1225 numero
3536 1170 3764 1225 omnium
3812 1174 4023 1240 contineri,

2525 1242 2772 1311 volentes
2816 1257 3173 1313 substantiam
3200 1258 3319 1313 Filii
3347 1273 3378 1313 a
3401 1241 3694 1315 substantia
3718 1259 3871 1319 Patris
3894 1279 4023 1337 segre-

2525 1358 2673 1414 gare.
2713 1341 2900 1416 ltaque
2937 1346 3075 1401 sicut
3104 1347 3281 1402 divina
3323 1348 3582 1413 essentia,
3630 1349 3697 1404 ad
3737 1347 3865 1420 cujus
3897 1351 4028 1425 iungi-

2526 1450 2648 1490 nem
2688 1435 2829 1491 sacta
2860 1446 2964 1503 est,
2993 1438 3201 1493 intinita
3231 1450 3342 1506 est,
3370 1438 3443 1494 ita
3471 1439 3562 1495 illa
3591 1440 3808 1497 humana
3835 1444 4027 1500 substitu-

2526 1529 2603 1586 tio
2627 1530 2772 1586 nullo
2802 1541 2949 1587 certo
2974 1532 3079 1587 linc
3118 1534 3484 1603 terminatum
3513 1549 3581 1590 ex
3613 1532 3695 1590 his
3735 1546 3902 1603 autem,
3935 1554 4030 1609 quae

2527 1616 2669 1676 circa
2713 1637 2833 1677 eam
2865 1621 3260 1694 intelliguntur,
3291 1623 3394 1679 hoc
3433 1635 3518 1679 est
3566 1626 3889 1696 temporibus,
3922 1626 4030 1694 locis,

2528 1710 2867 1776 differentiiS,
2900 1702 3340 1785 proprietatibus,
3391 1716 3795 1786 quantitatibus,
3835 1719 4032 1797 qualitati·

819 1802 970 1864 duta.
1008 1808 1067 1863 ln
1119 1811 1195 1859 liis·
1243 1811 1384 1859 enim
1436 1811 1683 1859 *inanibus
1725 1803 1852 1858 nulli
1904 1803 2197 1859 intellectui
2242 1816 2427 1861 creato
2457 1795 2507 1855 B
2536 1801 2659 1868 bus,
2689 1801 3056 1868 relationibus,
3085 1798 3513 1871 habitudinibus,
3549 1805 4033 1884 positiortihu5‚actio-

816 1913 886 1954 ne
929 1913 994 1954 tle
1024 1912 1035 1927 ⁴
1071 1915 1247 1951 senatu

817 1913 947 2058 qu‘ild
972 1987 1062 2043 sit.
1109 1989 1253 2042 Uise.
1287 1985 1423 2053 Quid
1451 1995 1697 2056 estergo,
1717 1985 2422 2056 quodiampridemdixisti,

815 2062 1058 2136 mentem
1086 2079 1300 2148 quidem
1328 2079 1620 2132 humanam
1652 2076 1944 2140 notionem,
1975 2093 2080 2146 qua
2118 2091 2174 2130 se
2219 2090 2421 2145 cogno-

815 2171 941 2236 scit,
969 2179 1024 2225 et
1050 2167 1410 2240 disciplinam,
1447 2183 1551 2236 qua
1593 2167 1824 2237 seipsam
1876 2167 2057 2231 discit,
2107 2166 2325 2229 babere,
2370 2173 2424 2219 et

815 2277 961 2319 nunc
988 2261 1184 2316 iterum
1215 2275 1390 2332 neque
1413 2276 1444 2313 a
1474 2260 1672 2329 scipsa,
1709 2274 1883 2329 neque
1914 2259 1980 2311 ab
2016 2257 2121 2311 alia
2169 2265 2419 2312 creatura

815 2353 1057 2424 dignosci
1097 2367 1256 2424 posse
1294 2350 1539 2406 asseris?
1588 2349 1729 2405 Mac.
1761 2348 2059 2418 Utrumque
2088 2364 2270 2403 verum
2300 2364 2422 2401 csse

813 2444 954 2498 ratio
974 2442 1258 2513 perdocet:
1277 2442 1512 2494 humana
1534 2440 1799 2510 siquidem
1826 2454 1977 2492 unctis
1997 2449 2049 2491 et
2071 2440 2302 2507 seipsam
2328 2456 2422 2492 no-

816 2534 988 2599 vit,et
1009 2534 1241 2602 seipsam
1279 2545 1383 2584 non
1415 2529 1582 2584 novit.
1605 2528 1765 2583 Novit
1790 2531 2006 2607 qil-idem
2037 2532 2163 2599 qnia
2186 2541 2290 2594 cst,
2314 2545 2419 2584 non

817 2635 997 2716 χιι-((33
1013 2627 1162 2680 novit
1178 2624 1303 2694 quid
1321 2634 1423 2678 est.
1442 2625 1520 2677 Ac
1547 2639 1642 2692 ner
1669 2622 1791 2687 hoc,
1812 2632 1872 2676 ut
1894 2623 1947 2676 in
1973 2623 2243 2692 prioribus
2268 2622 2420 2677 libris

816 2718 1121 2783 docuimus,
1139 2716 1369 2770 maxime
1386 2715 1561 2784 imago
1578 2714 1670 2766 Dei
1689 2728 1808 2768 esse
1831 2713 1882 2767 in
1905 2712 2122 2768 bomine
2136 2713 2154 2742 ³
2171 2711 2414 2766 docetur.

815 2808 889 2866 ut
917 2807 1063 2863 enim
1087 2805 1228 2862 Deus
1250 2804 1752 2875 comprehensibilis
1782 2813 1886 2868 cst,
1916 2804 2040 2858 dum
2070 2819 2140 2858 ex
2169 2812 2416 2857 creatura

815 2901 1084 2972 colligitur
1111 2901 1236 2970 quia
1259 2908 1365 2964 est,
1392 2912 1446 2952 et
1472 2895 2033 2967 incomprehensibilis
2069 2904 2173 2961 cst,
2218 2894 2343 2964 quia
2386 2909 2417 2949 a

814 2990 963 3050 nullo
999 2993 1272 3048 intellectu
1320 2992 1559 3045 humano
1606 2988 1690 3042 vel
1739 2988 1981 3058 angelico
2029 2986 2414 3058 comprehendi

814 3093 992 3156 potest
1041 3083 1169 3153 quid
1201 3080 1271 3137 sit
1298 3080 1342 3147 ⁶,
1372 3096 1469 3135 nec
1510 3095 1540 3134 a
1581 3078 1782 3149 scipso,
1814 3078 1940 3148 quia
1982 3093 2087 3132 non
2136 3085 2220 3131 est
2263 3075 2411 3147 qnid,

816 3174 1014 3243 quippe
1037 3170 1507 3242 superessentialis
1534 3188 1546 3224 :
1576 3170 1648 3225 ita
1689 3169 1957 3224 humanae
1987 3168 2151 3222 menti
2184 3167 2288 3236 hoc
2326 3180 2413 3221 so·
2442 3148 2488 3212 C

816 3265 929 3321 lunt
969 3264 1126 3318 datur
1176 3276 1359 3328 nosse,
1414 3277 1473 3317 se
1523 3274 1665 3328 esse,
1721 3258 1851 3331 quid
1898 3268 2078 3315 autem
2128 3258 2220 3325 sit,
2267 3256 2415 3312 nullo

816 3357 980 3415 modo
1006 3356 1055 3412 ei
1085 3354 1432 3420 conceditur-3
1455 3362 1509 3407 et
1538 3353 1681 3424 quod
1707 3362 1791 3407 est
1818 3353 2137 3418 mirabilius,
2161 3360 2215 3406 et
2240 3352 2416 3407 consi·

819 3445 1136 3504 dei-antibus
1185 3446 1393 3518 seipsos
1428 3453 1484 3499 ct
1523 3442 1693 3497 Deum
1724 3443 1744 3473 ⁸
1775 3459 1933 3498 suum
1969 3444 2267 3515 pulchrius,
2298 3444 2418 3515 plus

818 3538 1073 3594 laudatur
1120 3552 1271 3591 mens
1310 3537 1546 3589 bumana
1591 3534 1643 3588 in
1682 3548 1776 3588 sua
1808 3533 2130 3601 ignorantia,
2160 3549 2320 3602 quam
2360 3533 2416 3588 in

821 3645 919 3687 sua
959 3627 1203 3685 scientia.
1239 3623 1586 3680 Laudabilius
1626 3638 1859 3701 natuque
1886 3624 1939 3676 in
1968 3637 2031 3677 ea
2070 3631 2170 3684 cst,
2219 3638 2278 3677 se
2323 3639 2417 3678 ne-

821 3716 963 3778 s'cire
998 3720 1126 3791 quid
1155 3720 1244 3786 sit,
1291 3734 1450 3788 quam
1494 3716 1635 3771 scire
1685 3715 1810 3785 quia
1853 3722 1954 3781 est,
2005 3715 2147 3769 sicut
2191 3714 2309 3785 plus
2361 3723 2416 3769 ct

820 3812 1227 3872 convenientius
1266 3810 1500 3883 pertinet
1533 3810 1553 3840 ⁷
1582 3808 1649 3863 ad
1676 3807 1889 3861 divinae
1923 3814 2152 3860 naturae
2201 3805 2416 3861 laudem

819 3910 1035 3983 negatio
1085 3905 1200 3976 ejus
1248 3907 1269 3938 ⁸
1320 3920 1479 3974 quam
1530 3900 1834 3967 affirmatio,
1883 3910 1939 3956 et
1979 3900 2275 3971 sapientius
2333 3910 2417 3956 cst

821 4003 1071 4074 ignorare
1101 3999 1243 4054 illam
1266 4012 1425 4067 quam
1457 4011 1635 4058 nosse,
1664 3994 1815 4063 cujus
1845 3993 2147 4064 ignorantia
2177 4007 2302 4046 vcra
2334 4002 2417 4047 est

821 4077 1108 4163 sapientia,
1156 4104 1294 4159 quae
1342 4087 1533 4141 melius
1582 4086 1872 4141 nesciendo
1920 4086 2126 4151 scitur3
2169 4083 2415 4155 Apertis-

823 4182 961 4238 sime
994 4194 1122 4251 ergo
1152 4177 1331 4234 divina
1382 4176 1675 4231 similitudo
1729 4180 1783 4231 iu
1833 4177 2067 4231 humana
2105 4185 2285 4231 mente
2335 4176 2416 4231 di·

823 4260 1121 4345 gnoscitur,
1149 4269 1275 4325 dum
1305 4268 1639 4322 solummodo
1668 4282 1789 4322 esse
1829 4266 2026 4332 scitur;
2071 4267 2201 4338 quid
2232 4276 2415 4322 autem

822 4373 927 4432 est,
960 4362 1233 4429 nescitur;
1261 4370 1331 4426 et,
1362 4370 1421 4415 ut
1459 4360 1531 4415 ita
1572 4359 1767 4426 dicam,
1801 4367 2027 4431 negatur
2070 4358 2126 4414 in
2178 4372 2242 4413 ea
2287 4358 2413 4427 quid

821 4442 962 4521 esse,
990 4452 1290 4508 affirmatur
1327 4449 1663 4505 solummodo
1704 4464 1844 4504 esse.
1894 4447 2006 4503 Nec
2058 4448 2162 4503 hoc
2206 4449 2414 4503 ratione

820 4555 1001 4602 vacat.
1054 4543 1111 4600 Si
1160 4543 1305 4599 enim
1353 4550 1771 4613 cognosceretur
1817 4541 2070 4613 quiddam
2115 4557 2254 4609 esse,
2307 4542 2412 4597 cir-

822 4636 1149 4707 cumscripta
1177 4634 1419 4707 profecto
1441 4635 1493 4688 in
1524 4634 1703 4703 aliquo
1728 4644 1907 4698 esset,
1936 4647 2000 4687 ae
2026 4646 2125 4703 per·
2148 4632 2249 4688 hoc
2274 4632 2411 4688 ima-

824 4729 1005 4800 ginem
1035 4726 1115 4780 sui
1139 4724 1423 4780 ‘Creatoris
1459 4738 1564 4778 non
1596 4724 1818 4778 omnino
1863 4723 1917 4778 in
1959 4739 2019 4779 se
2059 4722 2412 4792 exprimeret,

826 4817 918 4885 qui
963 4815 1182 4870 omnino
1219 4813 1713 4884 incircumscriptus
1743 4821 1856 4879 est,
1886 4813 2024 4869 etin
2062 4811 2208 4867 nullo
2254 4811 2413 4867 intel·

826 4904 1028 4977 rigitur,
1060 4903 1187 4972 quia
1217 4901 1458 4957 infinitus
1478 4911 1561 4957 est
1581 4902 1625 4968 ⁹,
1654 4918 1816 4972 super
1845 4918 2025 4969 omne,
2054 4904 2197 4973 quod
2220 4902 2417 4957 dicitur

825 5004 896 5063 et,
910 4992 1245 5063 intelligitur,
1271 4994 1757 5061 superessentialis.
1783 4994 1927 5048 Dtsc.
1957 4994 2238 5061 Quomodo
2258 4995 2420 5065 igitur

825 5085 1004 5143 omnis
1046 5093 1296 5141 creatura
1346 5084 1400 5137 in
1453 5085 1639 5139 notitia
1691 5086 1928 5140 hominis
1966 5086 2109 5140 facta
2147 5096 2248 5153 est,
2279 5104 2418 5157 quae

1299 1903 1620 1951 sinu-nunni.
1668 1911 1764 1950 nec
1808 1911 1837 1950 a
1883 1896 2059 1968 seipsa
2110 1895 2428 1966 intelligitur

2441 4496 2493 4558 D

2531 1890 2710 1957 nibus,
2742 1891 3083 1962 passionibus
3112 1893 3449 1949 solummodo
3480 1894 3789 1966 intelligitur
3814 1895 4032 1969 essc,quid

2530 1990 2708 2035 autent
2759 1983 2850 2047 sit,
2895 1999 3257 2053 nequaquam.
3299 1990 3476 2054 Atque
3522 1985 3648 2041 hinc
3677 1985 3822 2039 datur
3857 1985 4032 2058 intelligi,

2528 2073 2729 2129 nullius
2775 2084 3058 2130 creaturae
3098 2075 3258 2131 aliam
3290 2075 3699 2132 subsistentiam
3734 2091 3857 2142 esse,
3885 2092 4035 2147 praeter

2527 2166 2674 2222 illam
2706 2167 2990 2236 rationem,
3036 2170 3333 2224 secundum
3383 2187 3547 2240 quam
3590 2172 3642 2225 in
3682 2170 4034 2242 primordialibus

2527 2257 2706 2312 causis
2735 2258 2788 2311 in
2827 2258 2921 2311 Dei
2955 2257 3132 2314 Verbo
3172 2258 3464 2315 substituta
3495 2270 3619 2327 est,
3651 2275 3713 2315 ac
3740 2276 3827 2332 per
3851 2261 3934 2316 hoc
3952 2262 4038 2316 dest·

2525 2348 2579 2403 n't
2590 2349 2632 2404 ri
2663 2364 2766 2404 nou
2791 2364 2950 2419 posse
2975 2350 3103 2420 quid
3125 2351 3214 2415 sit,
3234 2351 3360 2420 quia
3385 2361 3607 2423 superat
3632 2368 3832 2408 omnem
3859 2353 4036 2410 substan·

2527 2441 2706 2496 tialetn
2742 2441 3130 2497 definitionem.
3171 2441 3436 2498 Definitur
3473 2454 3656 2501 autem
3701 2462 3791 2518 per
3829 2462 3934 2501 suas
3963 2449 4036 2502 cir·

2524 2537 2898 2603 cumstantiaS,
2953 2551 3091 2608 quac
3143 2536 3244 2593 sihi
3279 2539 3555 2610 accidunt,
3612 2542 3665 2597 in
3713 2542 3917 2614 speciem
3953 2558 4036 2615 pro·

2522 2627 2697 2698 priam
2755 2625 2797 2660 ⁸¹
2848 2642 2946 2698 per
2980 2626 3383 2698 generationem
3429 2645 3527 2686 seu
3592 2619 3939 2704 intelligibilem
3973 2649 4035 2687 seu

2521 2709 2829 2774 sensibilem
2882 2716 3225 2788 proveniens·

2589 2810 2641 2866 8.
2678 2809 2827 2866 Dtsc.
2861 2809 3164 2865 Humanam
3187 2812 3596 2891 angelicamque
3612 2825 3843 2872 naturam
3861 2827 4036 2871 antean·

2519 2903 2640 2958 dem
2685 2909 2778 2956 aut
2811 2901 3125 2957 'simillimas
3168 2918 3312 2970 esse,
3369 2913 3423 2961 et
3472 2905 3655 2960 divina
3706 2905 3959 2978 Scriptura,
3994 2916 4031 2961 et

2519 2991 2633 3062 ipsa
2673 2992 2812 3046 ratio
2846 2990 3112 3061 perhibet.
3153 2989 3286 3046 Nam
3313 3003 3369 3048 et
3394 2994 3560 3051 homo
3586 2990 3641 3051 et
3666 2983 3869 3071 angelus
3890 2995 4019 3051 intelle

2518 3080 2712 3136 ctualis
2750 3090 2805 3135 et
2847 3078 3128 3136 rationalis
3156 3085 3409 3139 creatura
3457 3085 3678 3150 dicitur,
3715 3095 3768 3140 et
3808 3095 3894 3141 est.
3926 3087 3975 3140 Et
4007 3087 4034 3139 si

2518 3171 2592 3228 ita
2639 3172 2858 3228 sibimet
2886 3160 3235 3242 conveniunt,
3275 3189 3382 3231 non
3424 3175 3704 3233 immerito
3727 3177 4035 3249 quaerendum,

2518 3281 2686 3337 quare
2713 3265 2892 3321 omnis
2917 3275 3168 3322 creatura
3197 3266 3255 3322 in
3283 3266 3503 3325 homine
3539 3280 3720 3327 creata
3750 3268 3934 3343 legitur,
3965 3283 4036 3327 noa
4108 3285 4109 3288 ¹

2518 3366 2699 3411 autern
2728 3355 2780 3411 in
2811 3354 3022 3425 angelo.
3045 3353 3186 3413 Mac.
3214 3354 3330 3411 Non
3354 3358 3471 3414 sine
3493 3374 3679 3425 causa,
3712 3360 3958 3430 utopinor.
3978 3358 4036 3415 Si·

2517 3446 2732 3516 quidem
2762 3445 3004 3500 videmus
3058 3446 3112 3499 in
3141 3445 3361 3503 homine
3402 3464 3508 3504 non
3558 3466 3830 3531 perpauca,
3868 3450 4038 3522 quaein

2519 3536 2706 3607 angelo
2754 3537 3074 3601 subsistere,
3113 3551 3214 3591 nec
3260 3539 3564 3596 auctoritas
3601 3541 3780 3607 tradit,
3821 3555 3906 3596 nec
3940 3540 4035 3594 ratio

2518 3626 2782 3697 intelligit,
2812 3609 2872 3683 ut
2903 3630 3005 3682 hoc
3047 3643 3244 3698 corpus
3285 3630 3545 3701 animale,
3591 3633 3732 3703 quod
3773 3634 3912 3688 etiam
3949 3642 4034 3685 ante

2518 3724 2798 3785 peccatum
2827 3715 3096 3770 humanae
3125 3717 3339 3772 animae
3362 3715 3678 3789 adjunctum
3724 3720 3875 3777 fuisse
3906 3720 4033 3775 divina

2520 3805 2802 3876 Scriptura
2857 3813 3109 3872 testatur,
3157 3821 3453 3879 corporeus
3497 3826 3718 3895 quoque
3755 3812 4035 3890 quinqueper-

2520 3899 2650 3954 titus
2680 3914 2872 3954 sensus
2901 3898 3142 3955 exterior
3160 3942 3175 3967 ,
3203 3899 3496 3975 rerumq'ue
3527 3905 3846 3962 sensibilium
3869 3908 4034 3978 phanta-

2518 3991 2649 4055 siae,
2691 4006 2829 4060 quae
2879 4004 2975 4059 per
3023 4005 3173 4044 eum-
3196 3990 3464 4050 humanae
3510 3990 3725 4052 animae
3774 3998 4030 4072 ingeruntur,

2518 4080 2951 4134 ratiocinationis
2992 4094 3207 4149 quoque
3230 4081 3284 4135 in
3317 4082 3660 4152 inquirendis
3694 4101 3858 4140 rerum
3883 4082 4032 4139 naturis

2515 4170 2791 4243 perplexio
2821 4186 3145 4240 morosaque
3171 4171 3477 4239 difficultas,
3503 4175 3561 4232 iu
3583 4176 3923 4234 discernendis
3943 4176 4030 4229 item

2516 4263 2807 4319 virtutibus
2843 4269 2897 4318 et
2928 4262 3069 4319 vitiis
3102 4262 3377 4322 laboriosa
3412 4266 3658 4335 solertia,
3687 4271 3975 4342 plurimaque
3994 4265 4030 4320 id

2519 4368 2704 4424 genus.
2731 4351 2824 4407 llis
2853 4353 2997 4408 enim
3033 4354 3284 4411 omnihus
3305 4356 3609 4427 angelicam
3629 4361 3893 4416 essentiam
3916 4360 3949 4391 ¹¹
3965 4372 4028 4411 ca·

2519 4460 2640 4501 rere
2661 4446 3022 4516 perspicuum,
3048 4453 3104 4500 et
3125 4453 3305 4502 tamen
3320 4458 3552 4506 naturae
3567 4467 3743 4507 rerum
3756 4452 3909 4507 inesse
3920 4461 4029 4504 nemo

2518 4545 2666 4591 recte
2696 4534 3019 4604 sapientium
3056 4536 3361 4607 abnegarit.
3387 4538 3648 4607 Quamvis
3669 4543 3889 4597 videatur
3902 4540 4030 4609 Augu-

2515 4627 2690 4681 stinus
2717 4625 2919 4680 sentire
2945 4624 3167 4696 angelos
3203 4625 3249 4658 ⁸⁸
3281 4626 3535 4686 docuisse
3564 4632 3620 4687 in
3641 4644 3821 4687 octavo
3845 4632 3881 4662 ¹⁸
3901 4629 3953 4684 de
3970 4626 4030 4682 Gi·

2516 4718 2686 4773 vitate
2701 4716 2818 4782 Dei,
2848 4718 3078 4788 septimo
3109 4718 3156 4750 ¹⁸
3180 4719 3438 4791 capitulo,
3468 4721 3561 4778 ubi
3594 4739 3886 4797 magnorum
3905 4719 4028 4794 philo·

2519 4815 2809 4887 sophorum
2841 4814 3312 4884 contemplationis
3358 4816 3619 4874 virtutem
3669 4821 3854 4886 laudat,
3876 4817 3946 4889 qui
3977 4813 4027 4866 ri·

2519 4911 2709 4965 derunt
2740 4923 2943 4962 omnem
2971 4908 3192 4972 'speciem
3221 4908 3274 4962 in
3305 4926 3359 4964 re
3379 4927 3691 4985 quacunque
3711 4909 3932 4975 mutabili,
3954 4921 4024 4978 qu

2517 4999 2616 5067 e'st,
2645 4998 2896 5072 quicquid
2918 4997 3052 5052 illud
3078 5007 3154 5053 est
3187 4997 3254 5078 ξ’,
3278 5004 3642 5076 quoquomodo
3663 5015 3710 5060 et
3731 5002 4025 5077 qualiscunque

2517 5099 2709 5145 natura
2743 5097 2850 5156 est,
2890 5106 2993 5143 non
3024 5105 3133 5144 esse
3169 5105 3341 5159 posse,
3384 5092 3487 5146 nist·
3532 5093 3598 5147 ab
3638 5093 3728 5173 illo
3751 5093 4022 5167 quiverant,

825 5169 928 5235 nec
966 5176 1196 5246 seipsam
1240 5174 1517 5245 cognoscit
1544 5173 1673 5243 quid
1708 5173 1799 5240 sit,
1847 5183 1903 5229 et
1939 5174 2042 5230 hoc
2085 5191 2183 5246 pro
2223 5193 2418 5249 magna
2513 5185 2639 5255 quia
2669 5181 3167 5238 incommutabiliter
3194 5184 3237 5215 ¹⁷
3265 5193 3359 5238 est.
3384 5177 3460 5239 'A‘c
3480 5204 3574 5257 per
3618 5189 3713 5243 hoc
3740 5189 3835 5245 sive
3861 5178 4023 5240 universi

823 5258 983 5330 l'aude
996 5270 1166 5344 ipsius
1186 5268 1471 5341 accipitur,
1493 5283 1625 5339 prae
1649 5268 1811 5324 nimia
1828 5269 1908 5323 sui
1924 5268 2264 5335 excellentia,
2287 5271 2414 5326 dum
2513 5260 2698 5328 mundi
2722 5289 2929 5343 corpus,
2963 5272 3186 5343 fiyuras,
3219 5273 3498 5345 qualitates
3516 5316 3534 5346 ,
3552 5276 3928 5347 ordinatumque
3947 5286 4019 5326 me

2077 5383 2334 5442 vastat-2
2371 5373 2774 5449 Lecrtonsss.

899 5508 920 5543 ¹
955 5500 1041 5560 cti·
1078 5502 1262 5573 effugit
1289 5501 1554 5557 conditum
1586 5497 1922 5626 intellectusm.
1996 5502 2017 5532 ²
2040 5498 2135 5557 Sic
2161 5502 2279 5571 (Ἐς
2312 5521 2411 5608 pro
2436 5523 2559 5590 ,acci

1869 5586 1916 5673 ,ἃ
1939 5569 2024 5695 (ff
2040 5573 2560 5712 ἓιῆνείῧεξεεηιίῇΐηες

1930 5713 1973 5746 ¹⁷⁵
2004 5713 2095 5768 Sic
2121 5714 2241 5780 CF;
2273 5717 2317 5769 Α
2342 5717 2392 5771 in
2421 5717 2553 5771 libro
2583 5725 2791 5771 octavos

823 5574 850 5608 ⁸
885 5574 980 5630 Sic
1008 5571 1093 5628 CF
1110 5592 1125 5641 ;
1159 5573 1203 5626 A
1228 5574 1285 5628 t'n
1306 5572 1512 5627 Ιιοηιὶηε
1539 5588 1667 5627 esse.

824 5660 931 5701 om.
968 5648 1033 5700 A.
1109 5646 1131 5678 ⁹
1166 5643 1255 5700 Sic
1290 5643 1405 5709 CF;
1451 5654 1525 5698 est
1569 5657 1677 5698 om.
1716 5640 1781 5695 Α.

824 5717 1065 5770 nuntia.
1141 5715 1186 5748 ⁸⁸
1216 5715 1308 5770 Sic
1332 5714 1444 5769 CF·
1477 5714 1522 5768 Α
1552 5712 1830 5783 angelicos.

2597 5506 2637 5559 ie
2724 5520 2782 5557 er
2812 5518 2969 5574 quam
3016 5500 3062 5556 A
3091 5502 3312 5572 patient.
3387 5504 3409 5537 ⁸
3450 5505 3540 5561 Sic
3566 5505 3683 5573 CF3
3721 5507 3759 5561 Α
3792 5510 4015 5578 creatoque·

2562 5524 2634 5638 ἒς
2675 5521 3054 5628 Kdomt’m‘um.
3129 5575 3150 5607 ἵ
3191 5571 3284 5628 Sic
3319 5573 3436 5640 (Ἐς
3487 5575 3532 5630 Δ
3571 5571 3826 5646 pertineat.
3886 5573 3905 5605 ⁰
3940 5582 4018 5649 ely³

2618 5647 2660 5679 ¹¹
2695 5644 2786 5699 Sic
2820 5643 2940 5709 CF}
3003 5645 3044 5698 Α
3091 5643 3145 5696 in
3185 5645 3351 5711 specie
3385 5647 3613 5716 propriu.
3690 5647 3729 5678 ¹¹
3761 5647 3799 5699 A
3843 5642 4017 5711 anqelroe

2870 5714 2917 5745 ²⁸
2949 5712 3041 5768 Sic
3077 5712 3196 5780 (Ἐς
3227 5717 3269 5766 Α
3298 5723 3463 5771 sexto.
3514 5716 3579 5752 ·¹'
3602 5715 3705 5774 Pro
3723 5716 3807 5788 (μα’
3842 5711 4016 5771 vidend

821 5795 1026 5841 omnem
1053 5787 1336 5859 specim...
1380 5757 1513 5842 illud
1545 5794 1619 5841 est
1648 5783 1733 5842 CF
1755 5784 1844 5865 qui
1869 5795 2107 5841 asserunt
2136 5786 2516 5859 quoquomodo
2541 5794 2647 5843 cet.
2723 5785 2765 5818 ⁸⁷
2786 5785 2829 5838 Α
2858 5783 3427 5842 incommunicabiliter.
