4167 6625
75 318 144 379 ost
519 333 564 391 bu
581 332 751 395 bivislottu
769 336 945 397 datumst.
964 368 1000 380 -·
1017 336 1117 398 tibuit
1135 344 1299 415 QUlNTUS.
1681 350 1734 428 938

76 437 188 507 ruptio
222 439 385 507 perr-enter,
420 451 450 498 ut
476 444 503 500 in
535 462 587 512 co,
616 450 689 519 quod
719 452 891 522 corrumpit,
907 464 928 519 Α
942 456 1024 509 ctiam
1039 456 1074 510 ml
1089 472 1189 528 eorpus
1202 460 1360 529 pertineat,
1383 475 1436 515 non
1451 473 1615 532 ruagnopere
1631 477 1734 536 negata·

77 525 202 595 aliquid
214 525 421 600 incorruptibile
440 545 588 602 remaneat,
606 539 678 608 quod
689 543 825 612 cormmpi
838 557 892 597 ιιιι
942 546 1025 612 «ιιι,
1052 562 1152 619 corpus
1167 550 1282 605 mormle
1303 562 1333 606 et
1355 550 1472 606 animale
1497 561 1526 607 et
1547 555 1684 625 cormmpi
1705 564 1735 614 ct

80 623 206 684 potest,
227 631 315 688 eraque
330 631 438 691 reperto
452 623 509 699 ipsa
523 629 663 697 corruptio
676 631 832 685 necessario
845 632 894 688 dc·
943 636 1034 706 puniri
1049 653 1139 708 posse.
1167 638 1238 695 linc.
1254 638 1375 711 corpora
1389 639 1473 710 igitur
1485 642 1621 708 mortalia,
1634 643 1657 699 si
1672 658 1734 701 seu·

78 704 171 771 licit3
191 709 334 779 corruptio
346 712 459 784 quippe,
477 716 586 785 quando
600 718 668 773 nibil
680 722 844 791 corrumpit,
866 721 893 776 in
942 736 990 779 sus
1003 726 1058 782 sint
1072 728 1195 797 capucia,
1207 729 1346 800 eormmpi
1361 736 1390 784 et
1404 728 1505 799 puniri,
1516 730 1557 786 sin
1572 745 1639 787 tero
1651 748 1735 790 seusu

77 800 186 870 seipsa
200 801 380 873 extinguitur.
401 804 454 859 Sed
472 806 538 862 baec
550 808 604 863 duo
618 824 682 865 uera
695 812 797 866 relutat
812 813 891 868 ratio.
943 817 1074 882 carentia,
1089 819 1227 889 eormmpi
1245 818 1415 875 solummodo
1428 820 1555 877 uidentur
1569 837 1659 892 posse,
1679 839 1735 881 nou

79 890 176 947 Nulla
192 892 267 947 enlm
282 902 380 949 natura
393 902 648 971 potcsicorrumpi,
668 911 699 958 ut
715 904 825 975 penitus
839 920 893 961 nou
942 914 1033 961 ιιιιιι
1060 908 1149 978 puniri
1161 907 1182 962 ⁸.
1209 909 1283 964 litsc.
1307 907 1348 963 lta
1370 908 1508 967 existimo.
1535 911 1607 969 itio.
1635 912 1734 970 Omnia

75 976 146 1043 sit,
169 986 200 1033 et
215 979 249 1033 ad
263 979 377 1036 nihilum
392 983 539 1054 redigatur.
564 987 606 1041 Ad
621 989 672 1044 boe
686 991 784 1062 quiippe
798 1003 891 1049 creata
942 993 1035 1066 itaque
1056 1012 1171 1068 corpora
1195 999 1331 1063 mortalia,
1352 999 1410 1057 sire
1425 999 1596 1059 solummodo
1609 1017 1735 1061 corrum-

76 1077 149 1134 est,
175 1079 206 1125 ut
222 1084 328 1141 scurper
339 1073 480 1131 subsistat.
505 1076 542 1132 dt
552 1079 576 1134 si
591 1078 732 1137 incboamt
744 1086 892 1155 corrumpi,
940 1095 1052 1154 pantur,
1068 1086 1126 1142 siue
1139 1088 1220 1143 sirnul
1235 1098 1264 1144 et
1275 1100 1485 1160 corrumpantur
1497 1099 1526 1147 et
1538 1092 1695 1164 puniantur,
1717 1110 1734 1149 ι

77 1167 121 1211 ιι
149 1159 188 1213 ad
215 1159 293 1215 talem
321 1161 402 1219 briem
431 1166 636 1234 perduceretur,
662 1179 692 1225 ut
713 1172 821 1241 penitus
842 1189 891 1230 sua
943 1175 1000 1231 lieo
1014 1175 1086 1232 laeta
1101 1187 1241 1233 ιιιιιιι.
1266 1178 1418 1235 Praedictis
1435 1180 1570 1251 siquidem
1583 1181 1736 1243 rationibus

77 1248 276 1318 corruptione
290 1250 504 1321 interimeretur,
521 1258 646 1328 prolecto
664 1259 699 1315 ad
719 1262 832 1318 uilrilum
850 1279 893 1320 re·
940 1265 1099 1323 conlectum
1114 1276 1173 1335 est,
1195 1269 1374 1341 omnequod
1390 1286 1527 1327 aurorum
1546 1273 1617 1329 bono
1631 1272 1734 1329 laeturn

78 1338 249 1409 digeretur.
277 1339 355 1408 Quod
379 1342 468 1400 uirtus
492 1349 629 1403 essentiae
652 1363 667 1403 a
691 1353 892 1410 summobono
941 1362 1000 1421 est,
1025 1357 1126 1413 nullam
1151 1359 1368 1430 corruptionem,
1391 1376 1424 1416 ac
1444 1364 1455 1397 ⁸
1479 1377 1528 1432 per
1551 1361 1604 1418 boc
1629 1362 1731 1419 nullam

78 1427 226 1485 cortditae
238 1428 348 1499 penitus
360 1431 489 1487 excludit.
514 1433 593 1490 Nulla
610 1436 702 1508 itaque
718 1447 814 1494 natura
828 1455 891 1496 cor·
939 1461 1056 1516 poenam
1083 1449 1212 1517 recipcre.
1248 1449 1321 1504 llrsc.
1346 1424 1577 1508 liutulffir'istum
1599 1452 1734 1509 visibilem

78 1516 188 1587 nimpi
204 1517 324 1584 inchoat,
339 1535 428 1591 neque
440 1521 520 1578 luem
536 1524 753 1598 interemptionis
764 1542 831 1584 suae
844 1542 891 1585 ιι·
938 1534 1115 1591 sensibilibus
1130 1536 1290 1606 corporibus
1307 1537 1425 1595 maxime
1443 1540 1633 1596 subsistentem
1648 1556 1664 1596 a
1677 1541 1735 1597 beo

78 1615 199 1676 pectat
228 1605 258 1663 sl
283 1614 374 1664 autem
398 1610 535 1681 quippiam
559 1628 574 1668 a
598 1614 654 1670 lieo
676 1615 778 1672 lactum
797 1617 892 1690 incipit
942 1621 1045 1679 lactum
1062 1639 1131 1687 csse,
1144 1624 1206 1695 quis
1226 1625 1280 1679 nisi
1300 1625 1430 1696 insipiens
1442 1642 1543 1696 negare
1555 1630 1737 1700 praesumat?

78 1696 248 1766 eorrumpi,
261 1705 289 1752 ιι
305 1705 394 1755 murco
409 1700 437 1755 iu
450 1714 484 1756 eo
496 1702 658 1773 relinquitur
667 1704 740 1775 quod
753 1707 891 1779 cormmpi
941 1709 1012 1766 llam
1036 1710 1178 1778 Quomodo
1201 1726 1267 1783 erqo
1289 1712 1362 1769 illius
1386 1729 1500 1786 corpora
1523 1726 1736 1789 corrumpuntur

81 1784 268 1857 impossibile
282 1795 344 1852 ιιι,
368 1788 524 1861 nullamque
545 1793 749 1864 corruptionem
768 1797 889 1868 recepit,
903 1796 928 1856 ll
942 1801 983 1857 rel
1004 1803 1176 1872 puniuntur!
1201 1803 1274 1858 bisc.
1293 1803 1404 1861 Duobus
1422 1806 1511 1861 mortis
1531 1808 1735 1880 corruptionem

80 1877 221 1949 protecto
242 1878 330 1950 ipsum
351 1888 413 1947 est,
430 1883 511 1952 qood
532 1883 619 1940 solum
640 1894 772 1942 ettotam
796 1902 812 1943 a
835 1887 891 1945 llco
940 1891 1066 1948 dicimus.
1089 1891 1209 1959 Quomm
1227 1907 1298 1949 unus
1316 1894 1425 1964 quidem
1439 1894 1494 1973 ille,
1506 1896 1551 1966 qui
1565 1898 1735 1971 generalium

81 1968 305 2038 incorruptibile
319 1970 423 2027 laetum
439 1981 502 2040 est,
526 1974 597 2043 quod
616 1977 890 2047 eormptionemnon
938 1978 1136 2037 camentorum
1156 1981 1257 2038 coitum
1277 1997 1327 2052 per
1338 1983 1459 2041 risibiles
1478 1986 1584 2056 species
1605 1988 1633 2043 lo
1653 2003 1737 2061 qene-

83 2059 218 2131 recipit,
240 2074 344 2131 aepcr
366 2062 419 2120 ltec
441 2079 734 2138 nusquamnunquam
753 2071 890 2141 eorrumpi
940 2070 1073 2129 rationem
1098 2073 1245 2143 procedere
1271 2072 1369 2139 docet,
1399 2083 1428 2129 et
1453 2076 1551 2131 iterum
1575 2079 1735 2147 specialium

85 2150 247 2208 inchoarit.
274 2148 382 2208 Nullum
404 2152 497 2225 itaque
517 2169 628 2224 eorum,
652 2172 723 2228 quae
744 2174 760 2213 a
784 2160 890 2218 summo
938 2175 1086 2232 corpomm
1110 2161 1315 2229 resolutionem,
1330 2164 1358 2219 io
1382 2164 1516 2223 eatbolira
1541 2165 1675 2225 ιιιιιιιιι
1698 2182 1734 2223 ιι

84 2243 199 2299 trono¹
222 2245 331 2300 oondita
344 2253 417 2312 suut,
429 2246 685 2319 cormptionemrel
697 2253 889 2323 corrumpendi
939 2252 1038 2322 quibus
1057 2261 1198 2325 compacta
1222 2262 1286 2310 sunt
1308 2255 1445 2323 reditum3
1472 2256 1553 2323 alter,
1567 2273 1622 2329 quo
1633 2258 1735 2316 nullius

83 2333 306 2404 possiblbtateur
322 2336 428 2406 recipit.
446 2336 517 2394 tito.
531 2339 615 2395 llideo
628 2340 836 2411 teresiplscere,
857 2358 889 2398 ae
938 2350 1083 2396 creaturae
1106 2343 1263 2398 essentiam.
1279 2352 1307 2399 et
1332 2344 1461 2401 virtutem
1489 2353 1518 2401 et
1546 2347 1734 2417 operationem

86 2428 132 2482 ιιι
145 2427 209 2491 bis,
228 2441 298 2497 qaae
321 2428 370 2484 tilti
394 2428 542 2500 caliginosa
556 2430 613 2487 uisa
628 2441 708 2497 suut,
727 2431 828 2488 claram
845 2433 888 2488 in·
937 2444 1018 2500 posse
1038 2430 1128 2485 uitiari
1151 2432 1324 2497 alllrrnantes,
1340 2432 1509 2489 rationabilis
1529 2433 1734 2493 intellectualis-

87 2516 330 2587 dubitabilemque
352 2518 485 2579 rationein
510 2521 632 2577 renidere,
663 2521 720 2579 lino
742 2523 834 2593 ianque
855 2524 889 2580 rie
937 2533 991 2588 quc
1014 2528 1157 2575 creaturae
1179 2520 1333 2576 uoluntates
1358 2519 1591 2579 irrationabilibus
1614 2522 1736 2580 motibus

92 2603 357 2674 incorruptibilitate
375 2620 466 2661 rerum
484 2622 501 2661 a
520 2607 576 2664 lieo
594 2608 762 2665 conditarum
777 2611 888 2666 delinita
937 2610 1075 2680 corrumpi
1099 2611 1291 2680 approbamus.
1318 2609 1352 2664 Et
1375 2610 1480 2680 primus
1503 2610 1613 2682 quidem
1637 2611 1734 2669 medus

88 2696 234 2751 ιιιιιιιίι
247 2696 403 2762 considera,
418 2712 483 2753 num
495 2714 585 2765 omne,
599 2700 670 2770 quod
685 2702 822 2771 cormmpi
834 2715 888 2757 non
938 2697 1127 2768 temporalium
1140 2696 1321 2767 localiumque
1337 2711 1428 2751 rerum
1448 2705 1476 2751 et
1489 2698 1658 2755 sensibilium
1671 2699 1734 2769 plna

89 2791 199 2855 potest,
216 2792 306 2855 potest
318 2786 418 2856 puniri.
437 2785 512 2843 urse.
524 2786 582 2855 Qua
597 2789 702 2845 ratione
717 2790 743 2844 id
759 2791 816 2846 lieri
826 2806 889 2861 pos-
937 2789 1045 2844 ridetur
1072 2789 1171 2865 docere
1200 2790 1228 2844 lu
1259 2804 1291 2845 sc
1319 2788 1435 2845 inuicem
1464 2788 1674 2846 transfusionem
1703 2799 1734 2846 ιι

88 2874 166 2941 sitt,
189 2889 243 2929 non
265 2875 381 2932 intueor.
403 2874 600 2934 illdeturenlm
614 2880 683 2934 mibi
698 2894 795 2944 omne,
816 2881 887 2950 quod
937 2878 1212 2942 transmutationem,
1244 2890 1324 2947 quam
1355 2877 1579 2948 cormptioneut,
1602 2878 1732 2949 quoniam

89 2965 232 3034 corrumpi
248 2981 302 3022 non
316 2967 527 3038 potest,puniri
543 2983 595 3023 nou
611 2983 707 3039 posse,
723 2970 793 3024 sirut
806 2986 888 3027 mnne
935 2983 1034 3034 mune,
1061 2968 1133 3038 quod
1162 2968 1254 3023 diuina
1283 2968 1452 3039 prouidentia
1484 2969 1639 3027 ordinatum
1667 2980 1731 3039 est,

65 3056 272 3127 ,corruptibile
294 3056 415 3128 punibile
440 3058 560 3115 arbitror
579 3074 651 3114 esse.
678 3060 885 3130 corruptionem
936 3059 1164 3130 pulchritudinem
1198 3057 1280 3113 inlert
1309 3057 1511 3124 universitati,
1546 3073 1601 3115 uon
1634 3074 1730 3116 eorm·

89 3143 229 3215 siquidem
243 3145 380 3214 quandam
395 3160 508 3215 poenam
525 3146 582 3202 lieri
597 3150 658 3218 quis
673 3149 798 3218 troparitl
817 3147 884 3204 llam
897 3138 920 3201 C
935 3147 1066 3218 ptionem.
1089 3147 1117 3202 lu
1140 3147 1184 3203 iris
1207 3147 1430 3203 enimomnibue
1451 3157 1479 3204 et
1492 3149 1625 3204 naturalis
1642 3149 1732 3206 ‘sub-

88 3231 160 3288 ‘dutu
178 3247 292 3303 corpora
314 3241 407 3290 nostra
428 3233 553 3289 mortalia
571 3235 659 3305 ipsum
674 3235 814 3301 dolorcrn,
838 3236 884 3305 qui
936 3237 1099 3292 standarum
1121 3237 1286 3308 integritas,
1316 3247 1345 3293 et
1376 3237 1538 3306 qualitatum
1565 3237 1732 3294 naturalium

89 3322 239 3393 repentina
263 3325 386 3381 sanitatis
409 3325 549 3395 corruptio
572 3325 712 3389 delinitur,
731 3326 884 3396 patiuntur,
935 3326 1103 3384 mutabilitas
1129 3329 1301 3394 custoditur;
1334 3327 1433 3397 quibes
1460 3327 1567 3383 duobus
1593 3327 1732 3385 mnsibilis

89 3428 126 3468 ea
142 3413 235 3485 puniri
255 3415 395 3471 sentimus.
420 3415 534 3471 Animas
555 3431 664 3487 quoque
679 3417 769 3472 adime
794 3417 820 3472 lu
845 3419 886 3474 eis
934 3418 1228 3488 ereaturaeplenituds
1240 3418 1422 3489 componitur,
1436 3433 1539 3508 Q
1551 3419 1604 3475 ιιι
1620 3411 1733 3476 abusiva

91 3505 220 3561 detentas
241 3506 335 3577 eisque
358 3508 555 3577 compatientes
571 3509 771 3579 quodammodo
794 3510 884 3581 puniri
935 3510 1124 3579 temporalium
1145 3524 1238 3564 rerum
1258 3510 1378 3565 uarietas
1396 3525 1447 3580 per
1463 3510 1630 3566 incrementa
1645 3519 1674 3566 et
1687 3525 1734 3567 rc·

93 3596 319 3668 nudusambiqm
335 3613 398 3653 curu
412 3600 483 3655 ratio
494 3601 600 3665 doceat,
611 3600 761 3672 simplicem
777 3602 885 3660 animae
934 3602 1083 3658 solutiones
1102 3601 1331 3657 incrementorum
1351 3603 1535 3672 corruptionis
1559 3602 1667 3658 nornine
1683 3617 1732 3674 ap·

94 3695 220 3742 naturam
234 3701 323 3758 neque
336 3691 483 3758 corrumpi,
503 3704 591 3759 neque
604 3691 704 3760 puniri,
722 3706 809 3763 neque
823 3707 885 3761 pas-
933 3692 1059 3762 pellatur.
1074 3690 1103 3745 ln
1116 3691 1169 3745 ιιι
1180 3689 1266 3745 lorum
1281 3689 1427 3745 locutionis
1439 3690 1600 3760 intelligitur
1611 3689 1730 3760 Aposto-

94 3779 217 3835 siouibus
233 3781 373 3851 corporcis
396 3781 492 3848 iudci;
518 3782 635 3852 compati
658 3790 748 3836 tamen
774 3782 883 3849 dicitur,
934 3779 1728 3848 ltrsditisse,delragiiitatcbumanicorporisdisputaas:

94 3872 160 3926 drrrn
176 3872 322 3940 congenito
341 3870 393 3926 sibi
414 3885 529 3943 corpore
551 3879 580 3927 et
600 3872 791 3941 compaginato
805 3872 884 3926 autl-
934 3868 1171 3940 Corruptiiiieioe
1185 3868 1311 3922 iuduetru
1327 3868 1557 3937 incorruptionem,
1579 3878 1603 3922 et
1617 3869 1730 3925 momnis
1841 3885 1845 3894 ·

94 3959 160 4014 lium
174 3968 313 4029 praestare
327 3959 443 4023 laborat,
455 3975 490 4014 ιι
503 3960 669 4017 desimatur.
686 3957 800 4030 Setnper
810 3960 883 4015 enirn
933 3957 1168 4016 immortalitatem.
1192 3956 1227 4011 m
1242 3956 1326 4011 alibi:
1344 3954 1446 4026 Corpus
1461 3956 1531 4027 quod
1548 3959 1729 4030 corrumpitur

95 4051 198 4121 oppetit
212 4064 312 4121 corpus
330 4051 380 4107 sibi
401 4051 605 4121 superadditum
625 4050 653 4104 in
670 4065 755 4105 unum
775 4049 786 4082 ⁸
807 4049 886 4106 colli·
933 4057 1059 4121 npqrrmt
1078 4048 1204 4114 animem,
1226 4057 1251 4103 et
1270 4056 1374 4102 terrens
1391 4047 1521 4102 dubitatio
1532 4047 1656 4119 deprimit
1668 4065 1731 4105 ten·

94 4154 170 4209 prro,
182 4139 209 4192 iu
225 4153 344 4210 ortoque,
356 4153 390 4194 ue
403 4138 468 4194 duat
481 4148 509 4194 ct
521 4147 721 4210 cormmpatur,
732 4138 882 4195 continere.
934 4157 992 4197 turn
1016 4139 1099 4194 muita
1118 4139 1290 4210 roqitnutern.
1324 4137 1429 4206 ouibus
1450 4139 1543 4195 uerbis
1564 4153 1620 4195 nou
1642 4139 1730 4196 solum

94 4227 166 4283 llum
174 4229 270 4284 Arrium
279 4230 372 4299 itaque
381 4230 415 4285 ad
425 4230 572 4302 imaginem
583 4229 631 4285 bel
642 4227 805 4295 [tumultui
816 4244 885 4284 nuu-
934 4230 1044 4286 btrmani
1065 4228 1188 4299 corporis
1210 4228 1298 4284 adlruc
1320 4226 1425 4297 lraqilis
1444 4236 1526 4298 atque
1544 4228 1728 4283 mortalisne

97 4334 180 4388 quam
199 4321 382 4391 corrumpitur
396 4335 445 4391 per
456 4322 585 4393 seipsam,
599 4321 636 4376 ita
649 4335 792 4392 uunquam
806 4320 885 4391 puni·
933 4321 1064 4377 lotionem
1091 4318 1118 4373 in
1141 4319 1273 4374 eienrcntn
1295 4317 1445 4387 simplicio,
1468 4330 1583 4385 quorum
1608 4314 1727 4385 qualita-

94 4420 150 4464 ιιι.
177 4407 249 4464 llrsc.
264 4408 323 4464 lion
342 4410 421 4465 aliter
437 4410 560 4481 praelata
573 4412 653 4468 docet
668 4413 749 4468 ratio.
768 4410 797 4468 si
810 4411 883 4468 culm
934 4411 1007 4467 tibris
1027 4410 1055 4464 ln
1075 4416 1136 4464 set
1158 4407 1273 4463 inuicem
1297 4404 1522 4461 conuenientibus
1544 4402 1727 4473 componitur,

93 4499 168 4556 nulla
176 4501 326 4571 spiritualis
335 4501 487 4558 substantia
499 4517 548 4573 per
555 4503 671 4574 seipsam
678 4506 769 4577 puniri
781 4515 883 4577 potest,
896 4472 922 4533 ⁰
935 4517 1028 4558 rerum
1051 4500 1135 4555 etiara
1154 4513 1187 4554 ιι
1212 4497 1279 4569 ipsis
1301 4496 1400 4552 iterum
1421 4494 1632 4558 reromuonem,
1646 4492 1730 4562 inqua

91 4593 293 4663 quantomagis
307 4592 365 4660 ilia,
379 4594 498 4663 quaead
513 4594 656 4666 imaginem
675 4596 722 4652 bet
737 4595 810 4655 lacta
829 4607 883 4653 est.
934 4590 1091 4663 spirituales
1123 4585 1396 4657 irrurrmptibilesque
1428 4583 1575 4655 qualitates
1590 4637 1593 4646 ,
1610 4581 1727 4637 reditum

93 4684 163 4740 ilas.
175 4682 246 4751 Quid
260 4683 455 4754 erqodlcemus
468 4683 502 4739 de
515 4687 652 4753 corpore!
667 4685 804 4756 Numquid
814 4702 881 4757 quo-
935 4683 1090 4755 siqnilicat,
1120 4679 1222 4737 terreni
1251 4677 1375 4748 corporis
1400 4675 1610 4731 motabilitatem
1628 4685 1728 4730 eorru-

93 4775 167 4829 niam
181 4773 373 4844 corrumpitur,
395 4773 528 4844 punitori
553 4774 626 4829 bisc.
639 4774 733 4830 Puniri
746 4789 799 4831 nou
814 4776 882 4832 diei·
934 4772 1035 4843 ptiouis
1061 4768 1191 4825 rocabrtlo
1221 4765 1368 4837 appellans.
1399 4764 1458 4820 Non
1485 4764 1558 4819 euim
1584 4770 1729 4833 propterea

94 4864 230 4928 intromisi
245 4863 410 4934 quodsuam
421 4877 536 4936 pecuum
547 4864 764 4935 sentit,ideoque
775 4866 798 4921 si
809 4865 885 4922 soluts
935 4865 987 4920 ista
1006 4863 1144 4919 sensibilia
1163 4871 1191 4919 et
1210 4861 1368 4933 temporalia
1384 4868 1551 4931 spernantur
1563 4858 1600 4915 ab
1612 4859 1665 4926 lris,
1680 4858 1728 4930 qul

93 4952 202 5006 animae
219 4966 316 5009 seusus
333 4961 396 5019 est,
421 4952 494 5023 qaod
514 4967 547 5009 ιι
565 4953 681 5008 mortuis
704 4953 883 5010 cadaueribus
935 4949 1728 5028 spiritualia‹lesirlerantetaeterna,quasimalasint,scd

93 5044 175 5099 dator
187 5040 311 5113 intelligi,
324 5045 508 5114 corrumpitur
522 5043 690 5099 munnam
703 5058 813 5113 eorpus,
828 5059 882 5100 non
934 5048 997 5117 quia
1011 5046 1144 5102 instabilia
1158 5054 1186 5103 et
1198 5045 1336 5100 mutabilia
1351 5053 1429 5109 sum,
1442 5044 1577 5113 tinemqne
1589 5047 1727 5098 transmu-

93 5142 184 5188 sutem
203 5132 323 5204 punitur.
349 5131 416 5189 llam
430 5143 459 5189 ιι
472 5147 588 5205 corpora
603 5148 694 5188 rerum
707 5135 781 5190 omni
797 5149 880 5191 sensu
935 5138 1046 5193 tationis
1056 5152 1121 5194 sarae
1132 5138 1159 5193 in
1173 5136 1434 5205 meiiusexpcctaut,
1450 5142 1477 5189 et
1488 5134 1515 5188 iu
1526 5131 1727 5202 comparatione

93 5224 265 5291 carentium,
290 5233 321 5279 ut
334 5234 398 5281 sunt
414 5225 485 5295 liqna
499 5233 528 5280 et
541 5224 662 5294 lapides,
680 5224 881 5295 herbarumque
934 5226 1070 5283 stabilium
1087 5224 1349 5294 immutabiliumque
1371 5223 1475 5278 nullum
1493 5219 1726 5280 transmutationis

93 5314 226 5388 gamunu,
241 5313 378 5382 corrumpi
393 5312 519 5377 dicimus,
532 5327 587 5367 oon
601 5319 694 5367 autem
708 5311 808 5381 puniri.
826 5312 881 5368 Sed
935 5331 1001 5372 suae
1013 5315 1095 5372 linem
1111 5315 1138 5368 io
1150 5314 1247 5376 ιιιιίιι
1257 5313 1457 5383 expectantium
1468 5291 1726 5380 relutl'eonteruptl·

92 5404 119 5463 si
136 5418 228 5459 ιιιιιι
246 5402 367 5459 exterior
385 5416 439 5457 oon
456 5402 545 5458 solum
563 5398 597 5455 ad
616 5400 760 5466 animam,
785 5415 881 5455 uerum
935 5403 1000 5459 bilia
1019 5402 1181 5472 penitusque
1203 5400 1392 5456 deserendam
1407 5395 1724 5470 postponcrrdujudictu·

728 5511 856 5569 lelldE
874 5513 1067 5570 cucurbitus

73 5655 77 5661 ·
136 5623 334 5686 *brionnii
371 5628 524 5696 'spuere
562 5624 633 5682 'Sic
646 5624 841 5692 ill'3rlinlmc
853 5625 987 5697 colligere.
1026 5620 1418 5694 ‘nannetenpnmnom't
1454 5620 1547 5673 idei.
1586 5605 1723 5686 ‘blech

96 5707 121 5760 Α
137 5702 299 5756 naturalium.
347 5700 397 5753 ⁷in
411 5714 439 5750 se
452 5711 505 5750 om.
520 5696 551 5749 tl.
