4167 6625
133 479 179 542 tdl
542 477 655 535 SUPER
671 474 884 538 tentaculum
904 475 1109 538 adunassent
1130 477 1159 533 S.
1177 477 1336 536 DilileSll.
1708 482 1758 539 tua

133 576 350 652 intellectualibus
371 587 517 656 uirtutibus
539 597 566 643 et
587 588 758 646 sensibilibus
782 587 913 643 materiis.
928 586 995 654 Ain
1009 589 1165 660 primordiis
1189 590 1376 647 conversionis
1398 591 1534 647 buntauae
1557 593 1664 646 arrianae
1682 595 1703 625 ¹’
1723 597 1757 652 nd

120 681 315 766 BQ,
331 679 552 740 irrationabilitas
576 678 696 740 delectus
710 677 823 736 rationis
835 685 876 735 est
889 678 916 736 in
967 677 1053 736 Deum
1071 696 1151 736 suum
1170 681 1265 750 incipit
1279 681 1358 748 oriri,
1380 682 1547 758 subindeque
1561 682 1759 757 pulcherrimus

133 770 286 830 attimalibus
311 771 416 830 ratione
438 768 610 837 carentibus,
632 770 659 827 ia
675 770 917 827 caelestibusrcra
968 768 1096 842 splendor
1119 771 1269 841 practicae,
1295 771 1320 825 id
1335 778 1393 836 eet,
1408 759 1694 841 aeliams'rirtatum,
1709 791 1758 830 au·

131 863 250 922 essentiis
273 862 501 938 supereminentia
516 862 630 922 rationis
644 868 671 917 et
686 861 917 934 superrationabi-
968 876 1086 933 reusque
1111 864 1190 918 rubet
1214 862 1303 934 fulgor
1326 863 1474 936 physicae,
1499 863 1762 946 naturalis-scilicet

129 958 203 1025 litas,
239 971 295 1030 qua
319 963 445 1029 superant
462 969 570 1014 umarus
592 955 725 1014 rationem
748 963 869 1011 noemam
890 961 918 1010 el
968 954 1233 1010 scientiaeomnium
1247 969 1356 1018 rerunt,
1381 958 1621 1025 quaepostuenrn
1636 938 1762 1025 stt-aflet

129 1065 247 1114 sensum,
266 1047 412 1122 Sequitur:
432 1063 437 1074 .
968 1042 1021 1101 hoc
1035 1051 1140 1099 tantum
1153 1044 1180 1100 in
1201 1058 1249 1116 spe
1271 1045 1380 1101 futurae
1394 1044 1497 1117 gloriae
1512 1052 1658 1121 peragitur,
1674 1060 1703 1105 et
1713 1068 1760 1107 str-

166 1138 215 1214 ii.
230 1136 304 1196 fiaes
317 1135 818 1211 mpstieastbealapasinnenieutus¹naa
832 1135 918 1190 solum
967 1148 1018 1204 per
1038 1136 1107 1191 baec
1127 1135 1218 1192 omnia
1236 1145 1299 1208 post
1318 1137 1466 1192 marimum
1490 1139 1627 1194 interioris
1645 1141 1762 1198 hominis

133 1232 277 1290 cadmiam
299 1232 497 1304 dispositionum
516 1230 527 1262 ’
547 1229 769 1288 declarationibus
790 1226 919 1283 mirabili·
968 1233 1254 1314 iominare,bgspest,
1265 1241 1326 1304 post
1340 1235 1467 1290 eximiam
1480 1215 1761 1308 disinae'fbeologiae

133 1324 427 1394 terrireumfonnantes,
437 1323 483 1386 aed
495 1334 519 1380 et
532 1325 597 1393 ipsis
609 1322 752 1395 aliquanda
763 1322 917 1378 tlearcltieis
969 1321 1159 1391 luculentiam,
1175 1339 1245 1394 quae
1264 1323 1321 1380 sola
1343 1325 1451 1391 dislna,
1466 1341 1573 1382 omnem
1594 1327 1761 1384 intellectum

131 1412 593 1484 mttnifestatianilus.flauminquit,
604 1410 801 1484 qnaediuimus
812 1409 845 1467 de
857 1425 919 1466 cae·
968 1414 1124 1485 superantia
1141 1414 1175 1481 ¹⁸,
1190 1416 1313 1485 gnostica
1329 1416 1428 1471 virtute
1447 1414 1672 1487 flagrantissimae
1691 1418 1763 1475 cari·

129 1500 231 1558 lestium
244 1501 454 1560 formationibus
467 1517 500 1559 ex
514 1501 645 1558 ntamriae
658 1501 782 1574 partibus
793 1515 917 1570 assump-
970 1505 1034 1560 tatis
1045 1505 1199 1560 considerat
1213 1523 1221 1560 z
1235 1507 1299 1576 quid
1319 1507 1453 1577 sequitur,
1468 1508 1520 1563 nisi
1542 1507 1627 1578 ipsius
1640 1508 1763 1567 veritatis

129 1595 173 1664 tis,
189 1611 243 1652 noa
259 1595 345 1654 solum
361 1596 513 1654 invenimus
526 1595 633 1651 diuinos
644 1592 783 1664 theologos
797 1592 919 1649 caelesti·
969 1594 1220 1651 incircumvelatum
1244 1595 1507 1688 lumen,b)cmt,
1529 1599 1603 1654 omni
1630 1598 1763 1657 velamina

128 1687 177 1744 bus
191 1686 362 1744 declarandis
381 1685 500 1746 mirabili
514 1687 595 1742 modo
609 1683 847 1756 circumformare,
872 1699 917 1738 ve·
969 1685 1138 1744 sensibilium
1154 1685 1302 1757 figurarum
1314 1701 1429 1751 carens,
1444 1694 1472 1746 et
1482 1701 1532 1758 per
1545 1701 1576 1742 se
1598 1688 1621 1719 ¹⁸
1635 1688 1723 1757 ipsum
1735 1688 1762 1744 io

126 1794 183 1836 ram
197 1778 283 1836 mam
295 1777 439 1852 aliquando
458 1778 486 1836 in
508 1778 575 1852 ipsis
589 1776 688 1834 divinis
695 1774 750 1854 ,id
756 1786 820 1852 est,
835 1775 860 1829 in
874 1775 917 1848 ip·
969 1776 1069 1834 divinis
1089 1778 1225 1842 mentibus
1241 1778 1382 1834 altitudine
1397 1779 1419 1813 ¹⁸
1441 1778 1630 1835 intellectualis
1642 1791 1764 1838 eoem

125 1871 315 1932 siuasummaa
337 1886 371 1930 aa
383 1880 496 1928 sanctae
517 1870 628 1928 deitatis
651 1867 918 1928 manifestationibus
971 1869 1099 1938 piationls
1113 1867 1251 1940 refulgens
1266 1871 1307 1926 ¹⁶?
1321 1871 1357 1926 Et
1369 1872 1473 1929 intuere
1490 1872 1541 1930 bas
1557 1881 1614 1931 tres
1630 1873 1762 1945 impias

125 1965 263 2038 accipere,
278 1971 308 2020 ut
323 1964 426 2022 eisdem
440 1961 635 2029 dissimilibus,
647 1962 772 2036 bmmt,
787 1959 865 2032 toppo
878 1959 918 2014 di·
932 1941 956 2004 Β
971 1959 1059 2015 tiones
1071 1959 1180 2017 divinae
1191 1960 1340 2029 sapientiae
1353 1975 1388 2015 ex
1399 1961 1600 2019 sublimissimis
1613 1962 1763 2024 mateeiula

124 2056 259 2113 suarinas
268 2054 493 2116 similitudinibus
506 2064 534 2112 et
545 2054 619 2125 ipsae
630 2052 761 2110 caelestes
773 2049 918 2116 essentiae,
970 2051 1157 2121 hujusmundi
1176 2052 1300 2122 partibus
1316 2052 1501 2120 introductas,
1517 2053 1601 2112 solem
1607 2054 1762 2126 gitlelieet,

123 2155 148 2204 ct
169 2147 294 2220 ipsarum
318 2161 426 2204 summa
450 2155 479 2202 et
506 2142 667 2202 universalis
687 2142 825 2209 earnium,
849 2155 919 2210 quae
970 2148 998 2196 ot
1015 2138 1175 2206 lucilerum,
1188 2143 1401 2212 aetbereumque
1414 2143 1522 2211 lumen,
1542 2146 1615 2215 quod
1629 2145 1762 2216 ubiqua¹¹

122 2243 296 2306 sunt,causa
308 2233 647 2320 significetur.l?mpoteff
662 2231 794 2305 triplicem
808 2230 919 2286 niodum
970 2246 1078 2304 semper
1098 2234 1237 2303 metum,
1257 2234 1385 2305 nulleque
1408 2236 1431 2270 ¹⁸
1451 2238 1624 2294 tenebrarum
1645 2236 1777 2307 murtae·

123 2326 228 2386 divinae
241 2326 445 2401 imaginationis
457 2324 596 2395 subjungit
611 2325 723 2384 dicens:
738 2333 763 2378 et
776 2320 919 2394 aliquanda
970 2325 1158 2390 obumbratur,
1176 2325 1250 2382 nullo
1263 2325 1286 2358 ”
1305 2334 1474 2383 terrenorum
1493 2341 1638 2398 corporum
1652 2342 1701 2386 sau
1713 2326 1764 2386 dt·

122 2419 225 2492 auten
239 2422 342 2498 ipsam,
353 2417 482 2478 ridebere
494 2416 640 2484 Deitatem,
662 2430 695 2471 ea
705 2412 848 2470 landuinus
861 2430 920 2484 pre-
970 2429 1024 2485 qua
1035 2416 1108 2478 mole
1122 2416 1388 2487 circumscriptorum
1400 2418 1540 2476 obstaculo
1551 2417 1763 2487 imqudtunsed

122 2512 198 2570 tietb
212 2511 341 2584 laudant,
360 2521 388 2566 ut
403 2511 413 2542 ⁸
426 2510 507 2572 salens
522 2509 664 2581 iustitiae,
676 2516 706 2564 stt
721 2504 733 2538 ⁸
747 2505 852 2563 stellam
863 2523 919 2562 ma·
969 2505 1086 2562 liberum
1102 2508 1202 2578 ubique
1220 2508 1453 2579 purissimumque
1465 2507 1635 2570 diffunditur.
1649 2508 1690 2568 ux
1706 2523 1763 2565 me

124 2604 239 2661 tatinum
252 2605 282 2661 in
299 2606 417 2660 ammaus
439 2612 527 2661 sancte
545 2603 692 2668 ruentem,
716 2609 741 2658 et
754 2607 783 2656 ut
800 2599 812 2631 ⁸
832 2598 919 2653 lumen
971 2595 1023 2651 diis
1040 2605 1130 2652 sutem
1146 2598 1237 2654 tnundi
1251 2599 1392 2669 partibus,
1405 2599 1534 2684 ingruent,
1549 2614 1584 2654 ex
1598 2612 1662 2658 aene
1676 2598 1765 2666 butri

126 2691 342 2750 incircumvelate
359 2702 383 2752 et
397 2690 605 2750 intellectualiter
618 2687 795 2761 resplendens.
822 2686 894 2743 ilaec
909 2686 921 2717 ⁸
971 2689 1061 2760 doque
1073 2691 1209 2749 elemento
1225 2692 1294 2749 duas
1304 2692 1496 2750 similitudines
1509 2691 1761 2763 remuneratas

126 2793 194 2843 sant
215 2786 430 2857 pretiosissimae
451 2794 478 2842 et
500 2783 710 2842 sublimissimae
725 2780 805 2852 liujus
827 2779 918 2835 mnndi
970 2783 1012 2852 pit
1023 2782 1058 2847 ²⁰,
1075 2783 1164 2853 ignem
1178 2782 1258 2851 plane
1273 2792 1301 2838 et
1320 2798 1430 2854 aquam.
1443 2783 1474 2838 ln
1488 2783 1674 2853 superioribus
1687 2797 1764 2842 nam·

123 3060 211 3120 ,pipp
234 3060 406 3136 prenitentes,
429 3059 573 3124 animem,
599 3066 644 3123 et,
670 3051 809 3128 apmbabce
832 3051 920 3105 dicen·
971 3065 1039 3107 cuae
1054 3051 1076 3082 ¹¹
1087 3063 1152 3107 vero
1164 3059 1309 3121 propterea
1324 3061 1404 3118 sunt,
1419 3052 1483 3123 quia
1499 3053 1599 3108 nullam
1616 3054 1763 3125 corpulen-

122 3150 262 3220 duar,''ts
286 3160 401 3207 neuram
430 3150 615 3206 'subeuntem
639 3145 800 3216 {luminaque
823 3140 919 3196 redun-
972 3144 1054 3207 nato,
1070 3143 1161 3213 inqua
1184 3146 1313 3210 ardeant,
1331 3145 1398 3203 inibi
1419 3147 1558 3217 reperiunt
1579 3147 1615 3215 ¹¹,
1635 3151 1763 3228 quonium

122 3244 227 3302 mptum
252 3240 499 3302 inmensurabiliter
524 3237 671 3315 retinentia.
702 3234 917 3327 §pinnati-verte,
973 3233 1272 3305 tenuissimusspiritus
1292 3235 1320 3290 in
1340 3236 1508 3296 sublimitate
1530 3239 1763 3309 aerisbttjusuis·

123 3353 205 3410 w
228 3336 344 3409 pnicum
369 3343 396 3393 qr
411 3334 533 3394 amitten
555 3330 661 3404 singula
677 3325 915 3401 exponttxfiiuut-
933 3291 956 3355 c
973 3327 1147 3385 eambbitur.
1163 3329 1215 3397 Qui
1227 3328 1314 3400 iguis,
1325 3338 1356 3387 ut
1370 3330 1500 3397 arbitron
1513 3332 1602 3404 ipsura
1615 3331 1763 3404 tantast.

123 3430 184 3487 dean
203 3428 268 3486 'sol
283 3429 339 3489 tste
352 3428 487 3493 risibilis,
504 3426 590 3501 ipsius
604 3423 670 3479 solis
684 3419 827 3477 inuisibilis
842 3417 920 3488 justi·
974 3421 1169 3492 quideseipsa
1190 3422 1274 3477 aiter
1300 3422 1357 3494 qu
1377 3434 1438 3481 stru
1461 3423 1531 3495 ἰςιιιι
1552 3440 1718 3489 mutamus
1738 3444 1763 3485 s.

122 3520 176 3579 tiae
187 3522 280 3595 imago
300 3528 363 3587 est,
376 3529 406 3577 et
417 3517 495 3577 stella
515 3514 649 3573 matutina
662 3513 684 3546 ¹·
709 3526 773 3569 mox
788 3511 815 3567 in
829 3509 921 3567 animo
974 3508 1088 3568 Summa
1100 3511 1235 3584 amolum
1245 3527 1279 3570 ae
1299 3523 1393 3571 saneta
1412 3513 1532 3572 Trinium
1545 3516 1619 3575 Deus
1630 3532 1700 3579 uass
1713 3517 1765 3577 hu-

121 3611 241 3671 tidsltnm
264 3612 387 3671 orientia
400 3618 512 3669 mactae
531 3605 738 3667 illuminationis
757 3618 808 3687 per
828 3601 918 3658 iidem.
973 3619 1071 3661 mnas
1086 3606 1207 3673 animes,
1224 3607 1252 3662 in
1267 3608 1368 3677 quibus
1377 3608 1502 3675 inabitat,
1517 3609 1764 3682 inmissurum·

120 3703 211 3765 prim
222 3704 365 3785 sjfflijttgm
389 3699 559 3761 rationabilia
578 3698 686 3759 animae
706 3697 742 3753 ad
764 3702 920 3751 creatorem
973 3697 1057 3753 uertit
1070 3706 1150 3769 atque
1164 3699 1319 3766 consumit,
1334 3715 1389 3761 uon
1406 3701 1764 3769 tensamentum

122 3796 258 3855 redeuntis
276 3793 445 3853 illumiaatio
461 3800 503 3849 est
515 3789 617 3845 donum
629 3787 709 3852 fidei,
729 3782 801 3856 quod
813 3798 863 3855 per
877 3797 920 3839 aa·
973 3788 1013 3843 eis
1027 3787 1100 3844 solus
1123 3799 1268 3859 appareat,
1284 3805 1337 3845 noa
1364 3800 1393 3848 ut
1418 3801 1561 3851 consumat
1581 3806 1677 3851 eorum
1701 3794 1765 3851 sub·

121 3897 258 3949 ammenta
272 3885 452 3959 baptismatis
468 3891 496 3940 et
514 3882 595 3939 dator
611 3886 640 3936 et
650 3872 920 3949 sipniueamnldeo-
972 3880 1119 3946 stantiam,
1134 3879 1182 3936 sed
1192 3888 1222 3935 ut
1233 3879 1356 3953 perficiat
1367 3896 1463 3945 eorum
1474 3883 1678 3941 numeriano.
1686 3884 1765 3957 equa

122 3992 173 4051 que
186 3995 241 4036 uon
250 3980 405 4049 inaonpme
415 3974 482 4033 fides
491 3986 615 4031 summae
625 3977 655 4026 et
665 3965 851 4024 coessentialis
861 3963 920 4019 Tri·
972 3971 1056 4027 etiam
1069 3971 1158 4027 uitalis
1172 3981 1214 4027 est
1226 3972 1496 4044 plenituduioteraqe
1505 3975 1669 4046 sapientiae,
1680 3990 1761 4051 quea,

121 4058 233 4139 ninus,
255 4084 331 4143 quae
343 4065 471 4139 primitus
489 4066 517 4121 in
539 4064 630 4120 noima
655 4058 775 4116 tidelium
791 4056 878 4126 surgit
891 4065 920 4110 et
973 4064 1037 4120 dum
1052 4064 1140 4134 primo
1152 4062 1258 4120 occulte
1273 4072 1301 4118 et
1316 4063 1488 4123 irttisibiliter
1500 4067 1527 4125 ia
1538 4066 1631 4125 abditu
1645 4067 1765 4125 rationa-

38 4154 39 4157 ’
124 4171 252 4233 apparet,
264 4164 321 4220 snb
332 4147 919 4235 symbololuciferaestellaeasanctistlreo·
971 4152 1006 4213 lis
1019 4153 1144 4218 animae,
1154 4152 1235 4239 gelat
1247 4153 1275 4210 in
1296 4157 1430 4226 quendam
1447 4167 1569 4217 ventrem
1592 4157 1681 4225 subit,
1695 4157 1765 4215 inef-

124 4249 196 4322 loqis
209 4251 345 4318 inanitur,
361 4264 444 4323 qaam
458 4247 564 4305 stellam
586 4246 730 4317 mysticam
743 4241 815 4296 clara
830 4238 920 4308 sequi·
972 4245 1047 4302 labili
1062 4256 1153 4302 trenta
1173 4240 1256 4307 icturi
1270 4245 1294 4279 ¹⁴
1313 4247 1447 4321 inaperta
1465 4248 1575 4307 flumina
1591 4249 1763 4307 virtutumet

123 4350 295 4413 turaurora,
317 4342 446 4415 splendor
460 4336 586 4395 uidelicet
603 4334 718 4392 actionis
740 4339 767 4389 et
788 4329 919 4387 scientiae
972 4336 1194 4394 inmensurabilia
1216 4339 1368 4395 divinorum
1381 4336 1648 4411 dogmatumssuenta
1662 4341 1762 4403 redun-

121 4430 152 4488 in
163 4447 211 4505 spe
222 4431 418 4493 robustissima
427 4429 537 4485 futurae
552 4422 740 4489 beatitudinis,
755 4420 852 4477 deinde
866 4418 918 4485 sol,
972 4429 1027 4484 dat.
1039 4426 1109 4513 ilinc
1123 4436 1165 4484 est
1176 4430 1248 4501 quod
1259 4429 1389 4486 Dominus
1400 4431 1456 4485 ait:
1471 4451 1480 4482 ι
1495 4433 1540 4503 qai
1552 4431 1638 4489 credit
1648 4432 1677 4488 in
1691 4449 1763 4502 ittet,

122 4520 409 4596 darmimaproiecto
419 4520 525 4592 species
536 4521 818 4575 summaencsanctae
832 4508 920 4566 Tirso-
972 4518 1042 4576 nictu
1055 4512 1123 4575 dicit'
1134 4516 1283 4593 Scriptura,
1302 4541 1310 4573 ι
1327 4520 1437 4577 flumina
1449 4522 1482 4577 de
1498 4532 1592 4583 retttrc
1606 4522 1664 4594 eius
1679 4525 1763 4585 fluent

121 4618 236 4688 phanias
254 4590 419 4683 ruffin
433 4611 634 4669 ferventissima
654 4608 742 4663 uirtus
754 4605 862 4663 divinae
875 4620 920 4659 ca·
971 4614 1148 4684 aquaevivae
1164 4626 1187 4667 n:
1203 4612 1351 4685 Sequitur:
1371 4613 1514 4684 aliqnando
1529 4625 1617 4671 autem
1633 4634 1666 4673 eu
1677 4621 1756 4675 nouis·

121 4709 209 4767 matis
222 4711 253 4767 in
265 4710 314 4773 hid
326 4749 335 4776 ,
346 4708 392 4779 qui
404 4706 491 4776 ipsam
506 4702 649 4760 veritatem
663 4706 690 4755 el
703 4696 920 4768 cotttemplunlttr
971 4705 1062 4771 almis,
1077 4716 1104 4759 ut
1118 4715 1280 4777 unquentum
1300 4723 1394 4773 suane,
1411 4715 1438 4760 ut
1459 4706 1573 4777 lapidem
1595 4711 1761 4781 anqularem.

119 4811 148 4862 at
160 4804 298 4876 diligunt,
323 4800 466 4859 ineffabilis
479 4797 584 4869 gratiae
607 4794 706 4851 ardore
727 4793 830 4850 incensi
841 4835 847 4858 ,
860 4791 918 4865 pul·
971 4791 1063 4851 Sedet
1077 4794 1208 4849 bestialem
1224 4796 1273 4867 ipsi
1288 4794 1402 4865 [onnam
1416 4795 1627 4869 circumponunt,
1641 4809 1666 4854 et
1681 4798 1764 4857 leonis

121 4894 278 4952 caritudine
289 4894 395 4953 allecti.
404 4891 448 4971 Est
457 4892 512 4961 boc
529 4899 573 4959 est
580 4886 767 4967 quoduaittut
778 4883 869 4941 lumen
879 4884 920 4939 in·
970 4885 1031 4939 eiet
1055 4886 1189 4956 pantheris
1210 4886 1233 4917 ¹¹⁵
1257 4887 1366 4958 speciem
1392 4887 1415 4918 ”
1427 4898 1566 4958 coaptant,
1591 4901 1615 4945 at
1640 4892 1764 4961 pardalin

122 4986 318 5044 circumvelata
345 4996 372 5042 et
396 4982 613 5041 intellectualiter
640 4980 824 5051 resplendens.
849 4978 918 5034 Dum
972 4992 1030 5030 eunt
1046 4976 1068 5006 ¹⁷
1085 4978 1194 5031 restium
1210 4987 1233 5031 et
1246 4993 1334 5031 ursam
1350 4979 1515 5034 saeuientem.
1530 4976 1596 5035 Post
1610 4982 1764 5037 mediarum

121 5079 194 5137 enim
205 5080 362 5139 clarissima
377 5076 439 5134 fidei
453 5075 529 5133 stella
545 5076 573 5131 in
587 5074 748 5139 matutinis,
764 5072 817 5128 itoc
828 5079 869 5127 est
885 5069 918 5137 ¹¹,
973 5066 1066 5123 mundi
1081 5068 1198 5138 partium
1213 5069 1419 5140 itttaginationes
1431 5081 1628 5141 consequenter
1646 5074 1764 5130 norissi-

767 5203 896 5262 uultus
913 5201 1115 5260 anemonas.

157 5328 228 5388 'Sic
249 5339 321 5387 text.
388 5341 429 5383 uc.
449 5321 660 5391 nlnersit93AB
685 5321 841 5377 invenimus.
892 5319 1158 5391 'Adiapoeitiorrenn
1197 5318 1432 5381 ⁸StcC..tuet.
1480 5320 1587 5376 ‘Bes
1625 5321 1684 5378 ‘ue
1705 5340 1760 5379 om,

123 5401 152 5457 li.
188 5398 264 5457 ⁸sn
365 5437 371 5452 .
425 5394 485 5450 'B'
511 5408 582 5452 corr.
606 5393 712 5449 ridetur
732 5390 853 5446 dleenda.
900 5389 973 5445 ‘Sic
995 5389 1016 5445 C
1036 5400 1064 5444 et
1086 5405 1160 5445 corr.
1183 5388 1225 5455 B‘,
1245 5390 1289 5444 tls
1307 5391 1431 5445 inuenire.
1483 5390 1620 5448 ‘ABCSs'
1643 5394 1760 5464 quidem.

123 5468 145 5503 ¹⁶
163 5470 209 5528 Sic
219 5464 410 5537 Metellum
424 5460 745 5551 matutinamlistellam
755 5461 912 5546 matutinam
928 5459 1031 5532 (punct.
1048 5461 1079 5513 Β·
1094 5461 1148 5530 adj.
1163 5461 1289 5531 ridetur).
1335 5462 1354 5493 ¹¹
1373 5472 1410 5515 est
1429 5476 1483 5516 orn.
1509 5460 1564 5517 AB.
1616 5463 1638 5495 ¹¹
1659 5463 1688 5517 in
1705 5478 1764 5521 utn-

122 5564 354 5623 latinia-animae
367 5574 422 5615 orn.
437 5556 468 5613 B.
508 5556 530 5589 ¹⁸
541 5554 631 5629 Geni„
642 5554 666 5610 Α
679 5560 802 5625 superant
814 5570 830 5611 a
840 5550 966 5623 paastfan,
983 5549 1004 5602 Β
1017 5562 1141 5622 superant
1157 5554 1302 5625 apaustira,
1314 5553 1448 5621 Ceuperat
1467 5552 1588 5623 guastum
1604 5552 1702 5605 uirtute
1713 5550 1763 5606 fia·

122 5634 378 5734 paratissimum.
417 5628 477 5685 ¹‘se
495 5643 550 5686 om.
563 5626 594 5685 B.
634 5622 784 5683 “B‘corn
800 5621 921 5678 altrtudo.
974 5619 1246 5724 ¹“restslqensomlb
1287 5621 1405 5683 ''Bubi
1417 5622 1447 5675 Β·
1460 5637 1541 5692 supra
1552 5623 1640 5675 adeor.
1656 5623 1760 5692 ubique.

136 5703 209 5761 ἈΒ
231 5702 363 5775 nullaque
384 5699 498 5771 t-callq.
550 5697 573 5731 ¹⁹
592 5694 698 5755 Basilo
717 5715 757 5752 ue.
796 5692 851 5747 'tu
874 5690 981 5762 aceepit.
1020 5694 1030 5724 ’
1062 5693 1163 5764 Aqua.
1202 5694 1225 5725 ”
1245 5693 1274 5747 Β·
1293 5710 1378 5765 marg.
1401 5692 1489 5746 adacr.
1513 5693 1703 5760 Arpurueatum
1720 5694 1763 5749 ftfe

124 5776 193 5845 quad
212 5774 280 5845 iqnis
303 5772 334 5841 in
349 5782 422 5838 perte
442 5770 572 5843 superiori
585 5715 774 5825 noncom‘lurit
795 5781 840 5820 nec
858 5762 948 5825 ardet,
975 5764 1123 5820 sedeciam
1147 5766 1272 5835 splertdet,
1307 5763 1350 5817 ula
1370 5779 1421 5816 tran
1448 5763 1545 5816 inuenit
1567 5764 1600 5815 ili
1623 5765 1762 5837 materiam

124 5844 323 5917 corpulentam,
340 5845 456 5913 inquam
471 5839 729 5915 aqatcomlrarendo.
767 5836 791 5867 ¹⁸
815 5833 1005 5904 Breppert'unt.
1057 5835 1081 5869 ”
1098 5836 1212 5893 boelus.
1251 5781 1317 5888 ’ld'
1342 5847 1427 5904 marg.
1447 5833 1590 5889 adsensu
1610 5836 1761 5903 pantherae.

126 5918 148 5946 ¹⁸
171 5914 240 5971 llud.
258 5930 338 5972 carr.
352 5914 380 5969 Β·
391 5932 399 5979 ;
410 5914 433 5969 Α
444 5914 582 5983 specimen.
619 5910 640 5942 ¹¹
657 5908 711 5964 AB.
726 5905 906 5978 pardalineam
