4167 6625
292 438 378 483 mm
1000 403 1216 470 rnooamun.

290 554 400 619 latinis
416 549 634 631 angustinum
649 547 896 615 ethmbrosium
910 547 944 610 in
959 546 1180 610 defensionem
1193 543 1382 626 piaclorum
1397 554 1531 607 suorum
1545 535 1647 603 affert.
1669 538 1734 600 Nec
1742 532 1932 598 doluerunt

293 670 434 751 theologi
448 669 610 751 aequales,
621 670 676 750 qui
691 686 768 734 sana
783 670 836 733 SS.
850 672 977 733 Patrum
993 668 1137 731 doctriua
1151 667 1280 742 imbuti,
1293 666 1661 749 philosophicamque·
1677 652 1730 719 ille
1740 651 1926 734 jactitabat,

293 788 327 852 iu
345 786 592 869 quaestionibus
612 786 800 867 theologicis
813 785 977 850 solvendis
993 786 1167 860 rationem,
1188 786 1291 849 indoli
1309 785 1474 850 literarum
1491 783 1741 863 theologicarum
1760 778 1831 860 ejus
1845 776 1923 842 aeri

271 961 273 964 .
293 905 429 971 omniuo
441 877 696 986 repugnantem,
711 903 838 968 fortiter
855 910 886 968 et
905 922 1105 985 magnacum
1122 904 1303 968 eruditione
1317 905 1553 985 impugnarent.
1571 902 1609 963 ln
1627 911 1766 983 quorum
1782 912 1925 959 numero

293 1023 502 1090 Prudentium
517 1023 735 1088 Tricassinum
751 1028 782 1087 et
796 1021 927 1085 Florum
948 1021 1198 1102 Lugdunensem
1212 1017 1337 1099 luisse,
1361 1041 1379 1088 e
1402 1023 1620 1088 controversia
1639 1022 1679 1086 de
1697 1017 1921 1085 Praedestina·

295 1147 383 1213 tiene
400 1150 600 1223 compertum
616 1148 676 1208 est.
692 1141 841 1205 Ceterum
857 1141 998 1205 ioannes
1016 1142 1132 1205 scotus
1148 1140 1218 1221 ipse
1233 1158 1268 1206 se
1283 1142 1508 1222 proditricem
1524 1143 1673 1208 sublimis
1688 1143 1834 1224 ingenii.
1859 1143 1924 1205 rari

295 1265 466 1339 acuminis,
477 1262 664 1342 multiplicis
678 1262 853 1336 doctrinae,
866 1261 965 1326 mirae
980 1261 1013 1323 in
1029 1260 1166 1325 dicendo
1182 1259 1356 1325 facilitatis.
1373 1263 1409 1325 iu
1420 1262 1585 1328 veteribus
1598 1259 1705 1323 laudat
1718 1259 1926 1335 Ciceronem,

295 1384 479 1464 Virgilium,
490 1381 670 1456 Horatium,
685 1377 836 1453 Plinium,
849 1374 1030 1455 Boethium,
1046 1378 1138 1440 alios.
1154 1375 1334 1442 Doleudum
1349 1385 1409 1457 est,
1424 1380 1512 1461 quod
1527 1381 1627 1446 animi
1638 1381 1782 1457 dotibus,
1798 1381 1928 1462 quibus

298 1503 461 1576 excelluit,
477 1519 589 1583 parum
608 1502 642 1563 in
656 1499 794 1564 fructum
809 1496 970 1560 Ecclesiae
983 1512 1062 1559 usus
1079 1500 1140 1560 est.
1497 1485 1500 1490 ’

303 1691 308 1706 ,
337 1624 384 1685 lte
398 1624 520 1685 Ioanne
535 1622 629 1684 Scoto
643 1617 777 1682 uberius
788 1594 952 1698 disputant
965 1613 1071 1677 oudin
1085 1614 1117 1678 in
1130 1615 1359 1679 commentariis
1372 1609 1637 1700 descriptoribus
1652 1609 1868 1683 ecclesiacticis
1886 1611 1929 1678 V.

297 1749 453 1828 bragusa,
471 1752 503 1809 ct
519 1744 663 1808 Histoire
678 1736 833 1800 litteroire
848 1733 883 1796 de
898 1733 929 1796 lc
946 1731 1067 1797 Frouce
1097 1735 1184 1798 Tou.
1200 1735 1255 1799 rt.
1273 1737 1307 1799 V.
1323 1737 1410 1800 Libri
1436 1736 1601 1818 peculares
1619 1738 1661 1802 de
1681 1739 1804 1802 loanne
1829 1738 1932 1800 Scoto

299 1868 334 1931 bi
359 1866 553 1931 nominandi·
570 1869 664 1927 sunt:
688 1858 787 1921 Pedes
803 1856 913 1937 Hjort,
951 1855 1056 1916 Johcu
1078 1855 1189 1916 Scotus
1214 1853 1351 1935 Eripenc
1374 1851 1448 1918 oder
1476 1874 1538 1918 con
1564 1853 1630 1917 dem
1659 1854 1821 1935 Uespruup
1843 1853 1936 1916 einer

300 1985 498 2049 christlichen
519 1980 721 2062 Philosophia
737 1975 803 2039 und
830 1976 928 2038 ihrem
955 1974 1090 2053 heiligen
1104 1975 1206 2056 aecor
1225 1973 1426 2055 Copcnhcpen
1450 1976 1539 2039 1823.
1559 1971 1666 2038 Frons
1694 1979 1800 2040 Aulon
1822 1977 1934 2046 Stou-

301 2103 454 2165 denmcier
466 2103 723 2164 loannesScotus
734 2095 873 2174 Erigone
888 2094 955 2154 uati
966 2091 1016 2153 dic
1032 2090 1249 2171 Wiesenschctt
1267 2093 1367 2152 seiher
1379 2085 1459 2155 leit.
1480 2094 1591 2158 Eester
1604 2095 1691 2160 Pheit
1708 2097 1877 2179 Frcucfurt
1899 2117 1934 2159 e.

299 2218 346 2281 Μ.
360 2219 447 2281 teet.
465 2218 511 2280 lt.
526 2210 919 2280 Sciet-chlTuiitcndier
940 2210 1013 2272 Soet
1037 2209 1169 2288 Eripe'uc
1181 2216 1209 2271 et
1227 2211 1257 2271 lo
1271 2210 1468 2293 philosophie
1482 2213 1690 2297 scholasticus
1710 2213 1935 2304 strutheum,

300 2340 404 2405 Puris.
420 2340 588 2404 autunto.
603 2337 720 2400 Mdiler
735 2336 871 2398 Joonnee
886 2336 999 2397 Scotus
1012 2333 1225 2414 Eripenaund
1240 2334 1322 2396 scine
1336 2335 1512 2398 Irrthiimer
1525 2335 1635 2397 Maius
1648 2335 1735 2398 lett.
1748 2336 1792 2397 Dc
1806 2334 1939 2395 Jccnne

301 2458 395 2519 Scato
413 2457 550 2533 Eriperes
572 2455 788 2517 commentatio
805 2452 1157 2535 Bcunue18t5.lltque
1180 2455 1389 2519 norissrmam
1410 2471 1490 2522 uano
1513 2458 1815 2521 commentationem
1830 2455 1938 2520 latine

305 2574 453 2669 scriptam
471 2570 549 2632 huic
563 2570 699 2634 editioni
718 2569 980 2649 praemittendam
997 2571 1193 2635 curarimus.

347 2691 427 2767 tit.
445 2689 616 2767 Superest,
635 2694 672 2751 ut
694 2689 1010 2764 moneam,‘codices,
1034 2705 1117 2770 quos
1135 2691 1279 2767 adhibui,
1302 2693 1337 2755 in
1363 2691 1468 2759 ironte
1488 2689 1691 2775 singulorum
1708 2689 1866 2761 librorum
1879 2696 1940 2758 in-

306 2812 428 2874 dicatos
450 2824 533 2871 esse.
548 2806 811 2880 Abbreriaturae,
826 2804 945 2886 quibus
963 2824 1040 2870 usus
1056 2824 1140 2882 sum,
1156 2807 1305 2887 vulgares
1320 2817 1406 2886 sunt.
1424 2813 1461 2875 ln
1483 2809 1525 2876 iis
1548 2812 1652 2891 libris,
1681 2832 1764 2897 quos
1788 2816 1937 2895 primum

310 2933 408 3008 calidi,
426 2930 570 2996 codicum
591 2947 719 2994 maniam
738 2929 889 3010 religioso
904 2936 1047 3005 secutus,
1065 2930 1099 2991 in
1111 2930 1205 2992 variis
1216 2929 1410 2996 lectionibus
1421 2932 1516 2997 ctiam
1531 2940 1647 3015 puncta
1664 2952 1760 3015 supra
1777 2939 1832 2998 aut
1848 2933 1941 3000 infra

307 3051 474 3130 adscripsi,
490 3067 572 3131 quae
587 3055 663 3112 sunt
677 3047 768 3128 signa
783 3047 910 3112 liturae.
929 3049 965 3110 ln
983 3046 1042 3111 bac
1058 3064 1092 3110 re
1110 3046 1196 3110 enim
1216 3046 1318 3126 magis
1345 3048 1527 3128 religiosus,
1543 3067 1638 3130 quam
1664 3049 1832 3132 negligens
1858 3070 1939 3116 essa

308 3172 409 3236 rolui.
428 3170 574 3249 Plagnlas
591 3170 731 3238 sedecim
752 3176 876 3256 priores
893 3177 1022 3238 Parisiis
1044 3175 1168 3239 correxi
1181 3197 1194 3249 ;·
1211 3182 1331 3239 ceteras
1346 3175 1488 3237 Bonnam
1508 3170 1713 3237 transmissas
1737 3168 1837 3234 semel
1862 3177 1937 3233 tan·

309 3299 377 3358 tum
398 3290 562 3372 perlegere
578 3291 680 3369 potui.
708 3293 842 3367 Quodsi
859 3294 972 3356 menda
995 3293 1190 3379 typothctica
1210 3292 1262 3357 hic
1279 3293 1346 3358 illic
1358 3300 1527 3359 occurrant
1557 3292 1592 3357 in
1611 3290 1673 3356 boc
1688 3307 1786 3374 opere
1811 3289 1936 3356 laboris

311 3423 521 3477 etaerumuae
539 3409 740 3489 plenissimo,
755 3413 912 3477 benevole
928 3429 1081 3477 excusare
1096 3410 1175 3478 velis

733 3597 779 3653 ari
793 3604 839 3657 cris
851 3593 946 3658 attice
962 3602 1008 3658 τῆς
1020 3596 1153 3673 ἀλλοτρίας
1166 3598 1210 3652 ssi
1221 3604 1267 3654 sei
1282 3598 1377 3670 χάους.

310 3749 403 3826 Quod
422 3750 478 3814 tib.
497 3751 542 3813 lll
557 3767 626 3832 cap.
643 3750 683 3813 tu
703 3749 743 3812 de
756 3747 916 3812 divisione
933 3749 1083 3825 Naturae,
1096 3748 1176 3811 inira
1192 3748 1252 3812 col.
1266 3750 1337 3826 ihi,
1355 3749 1560 3814 festinantius
1575 3751 1698 3835 conjeci
1718 3754 1830 3837 fulica,
1848 3772 1938 3821 nuuc

311 3883 447 3943 retracto
460 3900 468 3940 z
481 3875 646 3940 retinenda
657 3881 705 3938 est
718 3874 812 3939 lectio
824 3874 956 3949 codicis,
967 3893 1030 3939 uua
1042 3875 1168 3938 literula
1188 3881 1321 3950 mutata,
1333 3875 1443 3957 loligo.
1457 3879 1503 3939 ue
1514 3894 1579 3958 qno
1594 3880 1681 3960 pisce
1692 3880 1764 3945 ride
1778 3881 1936 3947 Plinium.

311 4002 461 4081 Denique
486 4000 578 4063 locus
595 4020 603 4060 ε
621 3999 722 4062 asiae
747 3997 956 4080 quotidianos
979 4003 1087 4060 aestus
1114 3995 1183 4059 sira
1199 4013 1357 4071 recessus,
1372 3998 1441 4060 siro
1456 3998 1591 4062 malinas
1607 4000 1677 4063 sire
1692 3999 1828 4066 ledones
1844 4021 1939 4084 pera·

312 4134 364 4203 gat
382 4148 397 4183 s
416 4125 472 4187 lib.
490 4126 530 4186 V.
547 4143 615 4206 cap.
632 4126 706 4189 ide
721 4126 880 4190 divisione
898 4128 1049 4201 Naturae,
1067 4124 1149 4189 inira
1166 4126 1226 4188 col.
1241 4126 1312 4199 87h,
1331 4127 1387 4190 ubi
1412 4127 1516 4191 labem
1540 4129 1736 4209 suspicabar,
1752 4146 1852 4193 sanus
1870 4138 1937 4207 est,

314 4255 383 4318 sire
398 4273 436 4319 er
448 4255 509 4320 ilde
520 4257 666 4321 codicum
678 4258 907 4321 parisiensium
923 4255 1055 4331 ledones,
1070 4256 1139 4320 sire
1152 4273 1224 4321 cum
1241 4256 1382 4320 editione
1398 4256 1541 4338 principe
1557 4257 1694 4321 Galeana
1712 4259 1836 4322 tiduucs
1851 4262 1936 4325 scri·
2052 4254 2053 4307 l

314 4385 413 4450 bitur.
432 4388 509 4450 Nam
526 4404 620 4452 voees
636 4386 752 4449 motion
768 4393 799 4450 et
816 4385 896 4460 ledo,
913 4387 962 4451 vel
979 4385 1100 4462 tidunc,
1119 4386 1168 4449 rel
1184 4384 1307 4458 ledunc,
1325 4386 1503 4465 significare
1522 4386 1678 4451 «lunaria
1692 4389 1812 4452 Oceani
1830 4390 1940 4454 iucre-

314 4524 421 4581 menta
439 4524 469 4580 et
485 4517 714 4581 decrementa»
731 4522 879 4580 auctores
890 4522 966 4579 sunt
979 4517 1030 4578 bu
1044 4516 1151 4593 Gange
1165 4515 1198 4577 in
1213 4513 1375 4578 Glossario
1391 4521 1422 4579 et
1438 4514 1577 4595 Scaliger
1591 4516 1630 4579 ad
1646 4517 1812 4581 locrorum
1824 4520 1861 4582 de
1874 4520 1937 4582 lin·

313 4646 698 4727 christianarum.
717 4644 857 4725 erpone,
877 4642 967 4718 mn,
985 4660 1017 4723 p.
1034 4644 1085 4705 se.
1101 4641 1331 4707 erroneum
1347 4644 1476 4708 lexicon
1499 4664 1528 4709 v.
1544 4645 1673 4722 ccccc,
1690 4649 1784 4712 rann
1805 4624 1940 4717 irrt‘sau-

315 4796 385 4842 rus.
401 4779 602 4839 Postremum
617 4775 705 4854 quod
723 4774 878 4854 epistolae
893 4773 1024 4837 Adriani
1041 4775 1141 4855 Papae
1162 4773 1203 4848 ll,
1219 4791 1403 4854 quanquam
1426 4792 1445 4838 a
1460 4783 1570 4839 nostro
1593 4775 1729 4841 consilio
1745 4740 1882 4857 alienie,
1898 4780 1940 4843 ad

316 4910 435 4972 calcem
450 4890 592 4988 adJeclae
608 4913 695 4982 sunt,
708 4906 743 4970 in
758 4905 817 4970 hac
835 4925 869 4968 re
884 4907 1080 4986 redemptori
1095 4907 1218 4986 roganti
1233 4906 1393 4971 adversari
1408 4906 1511 4972 uolui.

357 5054 394 5114 Et
409 5049 487 5117 haec
510 5052 653 5132 quidem,
677 5052 777 5117 lector
791 5020 958 5128 benevole,
979 5066 1062 5130 quae
1078 5048 1218 5112 dicerem
1235 5046 1382 5114 habuili
1400 5050 1520 5131 quibus
1534 5051 1563 5116 si
1589 5052 1669 5134 quid
1687 5052 1744 5118 tibi
1769 5053 1937 5136 probabile

318 5180 469 5256 ridetur,

651 5335 723 5393 Dede
734 5348 840 5404 menas,
854 5343 900 5391 ant
912 5332 936 5391 ei
950 5331 1047 5391 taleam
1059 5343 1112 5402 est,
1126 5339 1269 5412 accingere
1282 5339 1389 5392 contra.

397 5534 527 5598 Bonoae
542 5531 599 5596 xl.
615 5531 682 5595 Cal.
697 5529 843 5595 Octobris
858 5528 1057 5594 ubcccurt
