4167 6625
91 465 188 542 itm¹
282 539 286 546 Ι
562 461 607 518 DE
624 458 794 517 Dll'lSlDNE
813 457 988 517 urrunnu.
1008 489 1045 503 -
1062 460 1163 518 tttttttt
1183 463 1344 532 obtutus.
1676 474 1744 533 tbttt

88 574 203 632 lacteis
214 580 264 638 est,
280 580 307 628 et
322 586 436 643 sponsus
450 572 536 638 venit,
555 573 688 629 incertum
701 571 794 627 mttndi
809 571 901 636 baem,
916 577 942 637 Λ
955 575 1584 651 seraquandoquepoenitentiacompuncti,tion
1596 583 1745 655 intrahunt,

90 674 302 734 remotumque
324 661 360 717 ab
382 661 456 717 ontni
479 662 489 693 ¹
510 661 623 717 seientia
645 659 793 731 spiritualis
812 660 904 729 sponsi
955 665 1688 740 diceutcszDetttine,Domine,uperiaolinlstaautem
1701 693 1746 747 gc-

89 757 258 811 adventum
285 753 414 818 insinuat,
438 753 508 810 sicut
528 753 586 823 ipse
605 752 674 808 dixit
686 770 694 807 ι
708 752 747 807 De
760 752 803 807 tir
817 761 905 807 autem
954 757 1069 814 minatio
1092 757 1224 817 Dominici
1247 760 1367 817 nominis
1385 769 1432 816 aut
1450 764 1588 819 assiduum
1611 766 1745 824 humanae

88 845 147 901 3¹1⁰
163 855 193 901 et
209 846 274 900 im
301 844 347 900 51²⁶
369 860 444 899 temo
464 844 523 909 θεῖ’,
549 859 631 915 teste
657 843 744 913 tuteli
769 843 796 896 t't
817 840 903 909 &⁶¹02
952 857 1069 905 naturae
1093 851 1244 921 appetitum
1266 852 1301 907 ad
1323 853 1580 925 contemplationem
1594 858 1746 915 conditoris

87 953 192 1008 neque
218 934 304 991 Filiae
331 934 455 1001 hominia,
479 934 529 990 nisi
549 933 631 989 Peter
653 933 734 989 solur.
759 931 793 988 Et
809 933 837 988 in
850 931 928 1000 bne.
953 937 1012 1003 sui,
1035 936 1109 993 nulia
1129 938 1299 1010 ignorantiae
1319 938 1417 996 nebula
1439 941 1614 1014 interposita,
1635 945 1663 1000 in
1686 946 1743 1014 bis,

85 1026 265 1098 praesentis
284 1023 450 1094 parabolae:
470 1022 581 1095 Vigilate
607 1024 704 1094 ireque,
715 1024 777 1096 quie
797 1023 903 1079 nescitis
952 1028 998 1098 oui
1012 1027 1041 1084 in
1055 1028 1105 1084 hac
1119 1029 1175 1084 vita
1190 1014 1272 1087 nullis
1285 1031 1373 1088 bonae
1392 1032 1404 1066 ⁸
1422 1035 1639 1092 conversationis
1651 1038 1741 1094 subsi-

87 1121 189 1186 diem,
208 1115 902 1202 nquiorem.Clamorillesignibeatapertissima
951 1116 1007 1174 diis
1031 1116 1133 1173 sttlfulti
1153 1118 1262 1188 visere,
1283 1120 1326 1176 vel
1346 1130 1422 1179 certe
1441 1123 1603 1194 simplicium
1624 1124 1745 1183 fidebam

86 1211 202 1281 signa,
233 1224 304 1279 quae
326 1208 491 1279 praecedent
505 1207 715 1263 destructionem
738 1207 845 1271 anundi,
875 1215 903 1261 et
951 1186 1491 1269 inritus·entuotteaettdet“e'tt‘t[minen
1514 1199 1753 1271 considerantium

86 1301 255 1356 aduentum
280 1299 403 1362 Domini,
430 1297 585 1368 dequibus
611 1297 669 1368 ipse
697 1297 795 1353 sedens
820 1311 902 1367 super
953 1299 1087 1371 ignaviam
1101 1299 1252 1372 signidcat,
1266 1308 1391 1372 putantes
1405 1303 1548 1359 Dominum
1563 1304 1743 1360 nostrumlc·

86 1400 230 1445 montem
252 1389 385 1446 olivarum
408 1387 549 1457 discipulis
562 1387 744 1458 prophetavit.
762 1385 902 1443 Surrectio
951 1404 1011 1445 sum
1025 1388 1166 1445 Christum
1187 1390 1292 1447 duabus
1301 1392 1461 1448 substantiis
1471 1407 1533 1450 csse
1547 1395 1742 1465 compositum,

85 1480 230 1537 omniunt
264 1480 399 1552 virginum
425 1478 658 1550 ingenerationem
685 1477 766 1534 totius
790 1477 901 1532 humani
951 1478 1015 1535 duna
1029 1479 1067 1534 sit
1085 1494 1139 1534 urna
1161 1479 1314 1536 substantia
1335 1482 1362 1535 in
1381 1482 1487 1538 duabus
1506 1483 1629 1550 naturis,
1650 1493 1678 1539 et
1694 1499 1745 1555 pe-

83 1573 213 1643 goneris
226 1572 373 1645 praesagit
386 1570 537 1627 Prodemus
546 1569 665 1640 virgines
676 1568 814 1639 lampadas
826 1582 900 1632 suas,
951 1575 1029 1632 tunt,
1042 1581 1113 1639 quae
1127 1568 1179 1624 sihi
1193 1583 1246 1623 nou
1267 1571 1440 1626 conveniunt.
1455 1572 1575 1658 idemne
1595 1576 1743 1646 respoude-

86 1661 285 1718 rationabiles
298 1661 424 1716 videlicet
439 1667 541 1725 motus,
559 1658 648 1715 bonae
659 1657 776 1714 actionis
786 1657 900 1728 pingue·
950 1664 996 1712 tur
1010 1657 1020 1690 '
1035 1656 1077 1713 eis
1091 1674 1098 1711 ι
1113 1655 1208 1713 Petitir
1220 1665 1245 1712 et
1258 1672 1311 1712 non
1324 1657 1459 1729 recipitis,
1475 1661 1537 1732 guia
1559 1661 1627 1717 merle
1645 1664 1741 1731 petitis.

85 1754 181 1819 dine,
213 1766 358 1824 puraeque
384 1749 568 1807 conscientiae
593 1747 716 1804 claritate
749 1753 900 1811 exornant3
949 1746 1048 1816 Quanti
1059 1755 1133 1814 sunt,
1143 1747 1190 1818 qui
1203 1748 1321 1804 divinam
1331 1749 1476 1806 essetttiam
1488 1750 1514 1805 in
1526 1751 1612 1807 tribus
1621 1751 1744 1807 substan·

86 1843 199 1914 quibus
215 1842 334 1909 duobus,
349 1847 410 1896 actu
423 1841 484 1896 dieo
496 1849 524 1896 et
535 1839 661 1905 scientia,
677 1837 769 1894 iatuae
783 1838 900 1911 uirgines
950 1838 1011 1904 tiis,
1025 1846 1053 1894 et
1069 1846 1124 1895 tres
1137 1838 1306 1895 substantias
1318 1839 1346 1895 in
1361 1855 1413 1896 una
1432 1841 1550 1897 essentia
1568 1849 1615 1897 aut
1634 1842 1742 1911 penitus

85 1940 204 1989 carent.
228 1932 307 2000 Quod
324 1940 414 1987 autem
435 1931 582 2001 prudentes
596 1930 717 2001 virgines
729 1929 763 1985 de
777 1928 838 1986 oleo
851 1943 901 1986 suo
913 1928 938 1990 B
952 1927 1097 2000 ignorant,
1112 1937 1159 1984 aut
1174 1929 1284 1999 penitus
1295 1930 1445 2002 abnegant,
1466 1940 1495 1987 et
1510 1947 1560 2003 per
1579 1947 1644 1989 suas
1661 1932 1743 1991 lalsas

86 2024 178 2082 laeuis
203 2025 362 2097 virginibus
386 2023 520 2094 impertiri
533 2023 680 2094 abnegant,
696 2021 734 2076 nil
744 2021 817 2077 aliud
828 2020 900 2077 veri·
949 2018 1128 2089 cogitationes
1158 2017 1335 2090 carnalesque
1367 2019 1509 2090 opiniones
1525 2020 1537 2052 ⁸
1555 2021 1590 2076 ad
1623 2021 1743 2079 internas

85 2117 233 2183 similius,
243 2125 273 2173 ut
287 2116 394 2188 opinor,
410 2114 498 2199 Q
509 2113 674 2179 conformat,
686 2100 900 2200 Q'Ft‘trtdw·
949 2109 1058 2165 ditinae
1071 2123 1209 2180 puraeque
1222 2109 1457 2181 mntsmplationis
1478 2112 1587 2180 nuptias
1605 2111 1744 2181 postulant

86 2217 132 2265 tes
144 2208 276 2273 animas,
290 2207 389 2277 quibus
402 2206 466 2260 vilia
480 2213 508 2260 et
518 2219 573 2260 non
586 2201 745 2260 sufficientia
758 2202 785 2257 in
799 2201 844 2257 illa
855 2202 900 2259 die
949 2198 1072 2255 intranei
1095 2198 1196 2266 Quanti
1215 2208 1296 2264 sunt,
1317 2199 1363 2271 qui
1385 2199 1528 2255 Dorriinum
1546 2199 1638 2257 losum
1664 2200 1742 2258 Chri·

87 2294 292 2360 intellectuali,
307 2294 333 2348 iu
347 2308 401 2364 qua
411 2292 596 2362 uuusquisque
609 2290 741 2362 protunda
756 2290 898 2346 conscien·
949 2299 1020 2347 stum
1037 2291 1075 2346 itu
1090 2299 1246 2362 segregant,
1263 2298 1293 2346 ut
1307 2305 1395 2361 neque
1407 2290 1576 2347 divinitatem
1597 2290 1669 2348 ibius
1690 2291 1742 2348 hu·

88 2385 147 2439 tiae
164 2398 242 2440 suae
261 2382 381 2447 rimabit,
403 2379 502 2437 merita
522 2380 702 2451 apparebunt,
721 2387 900 2450 aeneumque
949 2383 1090 2449 manituti,
1104 2397 1193 2453 neque
1207 2383 1404 2440 humanitatem
1417 2381 1554 2439 divinitati
1567 2383 1595 2439 in
1609 2384 1740 2442 unitatem

88 2476 231 2533 felicitati
251 2474 324 2530 nullo
346 2474 427 2529 ntodo
447 2471 640 2543 comparanda,
652 2472 900 2542 sicutaithposto·
949 2474 1183 2540 substantiae,seu
1194 2482 1224 2530 ut
1234 2473 1324 2530 Latini
1332 2461 1741 2542 usi'tatiusdicuntinunitatem

89 2566 158 2624 lus:
178 2565 249 2620 Non
266 2574 326 2620 sunt
347 2565 492 2635 concipere
512 2562 646 2633 perniones
669 2562 749 2632 nujus
777 2561 899 2632 temperie
949 2581 1082 2637 personae
1094 2535 1491 2633 edunuffiffiressdineid
1503 2567 1664 2639 intelligant,
1676 2583 1739 2624 cunr

89 2660 129 2713 ed
147 2667 371 2728 superventuram
388 2655 510 2726 plenem,
524 2670 591 2725 puer
604 2652 759 2710 revelabitur
771 2654 800 2708 in
814 2654 897 2708 troiia
949 2659 1034 2730 ipsius
1050 2657 1206 2716 humanitas
1220 2656 1385 2713 etdivinitas'
1399 2672 1482 2714 unum
1495 2667 1524 2714 et
1536 2657 1547 2690 ⁹
1561 2658 1741 2729 inseparabile

89 2750 164 2806 ilinc
181 2750 318 2805 Dontinm
339 2749 397 2819 ipse
411 2765 418 2802 ι
431 2746 509 2802 Bruti
524 2762 661 2816 pauperes,
685 2746 782 2816 lnquit,
793 2746 896 2816 spiritu,
948 2764 1032 2804 unum
1048 2749 1112 2813 slat,
1122 2749 1196 2805 salva
1210 2748 1353 2819 utriusque
1365 2756 1478 2804 naturae
1491 2749 1575 2818 ipsius
1588 2750 1693 2806 ratione
1706 2749 1738 2803 ¹⁰.

92 2818 343 2906 affiatu
362 2838 408 2910 qui
433 2847 461 2894 et
482 2837 586 2908 seipsos
608 2847 637 2893 et
656 2837 752 2892 merita
774 2851 823 2892 sua
848 2850 898 2906 pro
948 2837 1155 2897 cominantibus
1170 2839 1262 2909 itaque
1277 2829 1456 2896 substantiam
1477 2838 1579 2896 Christi
1597 2847 1626 2895 et
1644 2839 1737 2895 dicem

94 2932 184 2988 uibilo
209 2933 327 2998 ducum,
353 2937 380 2986 et
405 2929 517 2987 omuino
541 2943 572 2984 se
595 2929 623 2984 in
646 2928 747 2984 diuitiis
767 2928 898 2985 virtutum
949 2933 1040 2990 tibus:
1057 2911 1316 2998 Deminfflnitre,
1332 2932 1405 3000 uperi
1422 2931 1506 2997 nobie,
1518 2930 1593 3000 iuste
1606 2946 1738 3004 congrue·

96 3039 201 3095 egenos
212 3023 350 3092 judicant,
363 3022 486 3092 ‘limam
501 3021 617 3091 liwll‘m
631 3029 669 3075 Μ
691 3035 797 3090 reddum
812 3019 898 3073 enum
948 3024 1028 3095 que¹¹
1042 3024 1239 3094 respondetur:
1254 3023 1337 3078 Amen
1350 3023 1410 3078 dico
1424 3024 1505 3089 uobis,
1519 3024 1606 3079 turreio
1618 3009 1740 3102 qunc

97 3131 168 3168 rum.
184 3113 326 3202 Q
340 3110 465 3167 dicturae
487 3118 551 3166 sunt
569 3110 752 3179 petentibusa
769 3124 799 3165 se
820 3108 898 3164 auxi·
945 3121 1006 3184 est,
1020 3113 1132 3169 intimas
1146 3120 1323 3181 secretasque
1337 3125 1413 3167 nteae
1432 3112 1580 3167 divinitatis
1598 3122 1626 3168 et
1644 3112 1740 3168 huma·

96 3204 178 3270 liutn,
191 3221 225 3258 ne
246 3204 314 3274 [orte
333 3217 386 3257 aron
398 3201 514 3271 sufficiat
533 3200 607 3255 nobis
621 3209 645 3255 et
659 3199 740 3255 uobis.
755 3198 830 3267 Quod
845 3199 895 3253 du·
947 3202 1042 3262 nitatis
1055 3200 1253 3272 nuptiantibus
1267 3199 1335 3255 meis
1349 3199 1495 3270 purissime
1511 3197 1739 3271 intelligentibus,

95 3293 390 3393 inntelligi
412 3300 521 3364 potest:
535 3301 581 3348 aut
595 3292 667 3349 enim
682 3292 806 3365 negative
820 3271 933 3363 poti-C
947 3293 1108 3364 priusquam
1126 3292 1205 3349 lieret
1223 3291 1358 3356 mundus,
1379 3290 1555 3362 praeparavi,
1575 3301 1603 3347 et
1622 3291 1655 3347 ad
1672 3307 1740 3364 quas

96 3396 144 3440 tnr
161 3403 209 3451 ne,
223 3395 250 3441 et
261 3384 426 3454 producitur,
449 3392 497 3439 aut
519 3383 679 3439 haesitative
697 3390 724 3437 ct
738 3383 894 3453 corripitur,
944 3385 1001 3456 jam
1015 3383 1092 3440 linito
1105 3385 1206 3440 mundo
1221 3382 1374 3448 introduxi,
1390 3383 1497 3440 ttescirc
1510 3398 1558 3439 vos
1572 3384 1737 3452 permittam.

97 3479 174 3534 sicut
188 3479 217 3533 in
241 3477 311 3531 libro
325 3475 459 3531 Geneseos
474 3492 481 3529 ι
495 3474 537 3529 Ne
558 3475 626 3544 [crte
646 3474 767 3529 extendet
789 3489 896 3528 manum
947 3472 1006 3529 Non
1025 3475 1097 3529 euim
1111 3475 1176 3530 ditm
1191 3476 1281 3531 adhuc
1296 3475 1421 3531 incarne
1438 3475 1562 3543 vixistis,
1577 3474 1674 3548 dignos
1690 3490 1738 3533 vos

98 3587 189 3634 uuum,
201 3578 325 3629 etrumet
340 3567 454 3639 delique
469 3569 545 3622 uitur.
564 3567 597 3622 Et
611 3581 644 3622 ne
657 3567 728 3621 lortc
740 3565 897 3622 viderentur
948 3570 1053 3626 illamm
1079 3570 1181 3626 laetitia
1207 3570 1401 3641 praeparastis.
1425 3568 1496 3624 lntra
1522 3577 1613 3625 tamen
1632 3576 1739 3624 natura·

100 3658 222 3728 quadarn
259 3654 359 3710 invidia
387 3656 545 3709 meritorum
573 3638 896 3724 sdo'rh'in‘panperntem
946 3658 1012 3715 lium
1028 3663 1178 3727 bonorum,
1195 3676 1266 3732 quac
1285 3662 1312 3717 in
1328 3660 1528 3725 tubiscreavi,
1549 3661 1680 3717 terminos
1698 3674 1740 3715 rc·

100 3746 238 3819 impertiri
261 3746 343 3800 fatuis
362 3745 491 3810 noluisse,
513 3746 678 3816 abnegantes
698 3744 800 3811 oleum,
829 3744 897 3799 dant
947 3751 1037 3806 sidere
1054 3766 1105 3807 vos
1123 3751 1254 3811 concedo.
1269 3750 1403 3832 {militer
1416 3750 1566 3820 promittit,
1582 3765 1612 3805 se
1626 3763 1738 3819 respon·

102 3839 259 3903 consilium,
286 3839 501 3909 respondentes:
516 3836 557 3892 lte
576 3838 663 3908 prorius
688 3837 723 3891 ud
746 3837 895 3902 rendentes,
946 3841 1116 3908 carambis,
1137 3842 1183 3911 qui
1198 3841 1225 3896 in
1237 3841 1282 3895 die
1295 3822 1587 3910 judicii'clamabunt:
1609 3837 1736 3902 Domine,

102 3940 124 3985 et
138 3930 309 3994 emineatis,
326 3928 444 4000 braccel,
462 3929 499 3984 ite
524 3927 558 3982 ad
573 3928 897 3997 eos‚quie1intietatect
946 3930 1072 3994 Domine,
1094 3945 1179 3984 tienne
1196 3930 1224 3983 in
1242 3937 1288 3982 tuo
1308 3927 1413 3982 nomine
1432 3928 1539 3981 uirtutes
1557 3925 1655 3979 multer
1673 3924 1737 3994 ieci·

105 4018 241 4074 affluentia
265 4033 375 4075 suorum
403 4019 561 4073 meritorum
593 4017 762 4091 nmLlem
786 4016 896 4071 sibimet
945 4023 1023 4077 mur?
1037 4021 1149 4078 Dicetur
1163 4021 1236 4076 enlm
1251 4020 1313 4076 eis:
1334 4016 1430 4074 Nescio
1445 4034 1501 4084 vor,
1519 4017 1659 4073 receditur
1673 4033 1736 4082 me,·

104 4109 251 4178 sufficiunt,
264 4126 358 4165 verunt
373 4109 454 4163 etiam
468 4110 520 4173 bis,
544 4109 590 4179 qul
608 4123 657 4164 eos
669 4109 696 4163 in
712 4110 764 4164 hac
778 4108 832 4163 vita
847 4108 897 4162 ho·
945 4118 973 4167 et
989 4110 1075 4165 attbt:
1095 4107 1156 4164 Non
1173 4109 1276 4175 omnir,
1295 4108 1341 4180 gui
1357 4108 1421 4162 dicit
1439 4107 1519 4172 milti,
1539 4106 1664 4172 Domine,
1684 4106 1738 4161 Do-

105 4202 249 4258 norihcare
277 4176 560 4273 ffibbsstbl
588 4201 718 4270 praebere
745 4199 893 4265 milium,
945 4205 1032 4270 mine,
1046 4204 1155 4258 introbit
1172 4205 1200 4258 in
1219 4218 1327 4274 regnum
1346 4199 1490 4257 coelorum.
1507 4198 1738 4278 Verbum-itanum

106 4293 266 4367 iuturaeqnc
283 4293 460 4350 beatitudinis
483 4294 620 4348 meritum.
638 4291 694 4346 llao
705 4299 796 4346 autern
812 4290 895 4345 tardi·
946 4295 1094 4348 adunatum
1107 4293 1181 4349 carui
1193 4332 1201 4356 ,
1214 4301 1242 4348 ct
1254 4306 1319 4346 caro
1332 4290 1451 4345 adunata
1462 4290 1552 4345 Verbo
1566 4289 1592 4342 in
1608 4288 1738 4342 unitatem

108 4392 160 4438 tate
185 4396 213 4441 et
242 4386 406 4456 negligentia
432 4384 589 4453 interposita
617 4382 691 4438 venit
716 4396 849 4452 sponsus,
867 4390 896 4438 et
945 4384 1155 4455 inseparabilem
1187 4383 1267 4438 unius
1299 4380 1476 4450 eiusdemque
1502 4377 1671 4435 substantiae
1702 4392 1737 4432 cx

109 4486 211 4544 paratas
222 4477 514 4563 virgineuin-qmsuo
531 4477 648 4531 adventu
660 4484 770 4531 ornatas
783 4489 895 4545 praeoc-
945 4474 1050 4530 duabus
1073 4471 1195 4537 naturis,
1217 4470 1310 4526 divina
1319 4467 1460 4555 EQ
1481 4467 1662 4531 ethnicam,
1683 4481 1737 4522 non

109 4566 222 4632 cuparii,
244 4576 272 4621 et
293 4566 326 4620 ad
350 4582 414 4620 snas
436 4567 544 4637 nuptias
559 4563 851 4647 intmduxit,bocest‚
866 4565 894 4619 in
946 4565 1014 4620 alios
1033 4563 1148 4632 recipit,
1167 4561 1219 4617 nisi
1238 4575 1304 4626 eos,
1323 4559 1370 4630 qui
1388 4558 1503 4629 simplici
1522 4554 1658 4627 perlectae
1673 4570 1738 4612 oon-

110 4667 182 4709 snam
213 4656 412 4711 deificationem
426 4697 433 4719 ‚
449 4670 516 4736 'qua
543 4651 755 4724 perfectissimos
787 4655 895 4709 animos
908 4622 935 4682 D
950 4653 1132 4726 temptationis
1142 4651 1221 4709 oculo
1232 4651 1363 4708 urrimtetn
1375 4649 1543 4706 substantiae
1554 4663 1620 4704 suae
1631 4648 1738 4704 intuen-

110 4744 304 4811 supernaturali
315 4742 549 4815 contemplationis
560 4759 625 4799 suae
634 4744 739 4813 gratia¹
750 4741 894 4811 glorillcat,
950 4752 1006 4811 tur,
1019 4744 1057 4799 ita
1070 4749 1137 4799 utet
1148 4743 1229 4797 homo
1241 4741 1267 4796 in
1280 4738 1369 4795 Verbo
1380 4753 1444 4794 vere
1455 4736 1528 4793 illius
1539 4736 1604 4803 Dei,
1622 4743 1651 4792 et
1668 4736 1737 4792 ller-

111 4835 205 4889 ceteris
221 4835 248 4889 in
262 4835 422 4890 naturalium
438 4834 570 4889 bonorum
595 4834 760 4904 plenitudine
781 4833 893 4901 relictis,
947 4835 1011 4889 bum
1027 4833 1055 4888 ln
1069 4831 1179 4888 bomine
1191 4844 1256 4886 rere
1268 4829 1354 4887 l'ilirts
1372 4828 1602 4909 hominisabfflue
1612 4825 1669 4905 aba
1688 4840 1737 4880 na·

112 4929 138 4974 et
158 4923 358 4979 excelsitudine.
373 4922 516 4979 ineffabilis
538 4922 728 4989 deliis-ationis,
745 4939 825 4993 quom
847 4940 894 4979 nec
947 4933 1070 4980 terarum
1085 4923 1106 4955 ¹¹
1121 4920 1355 5005 traQttatioue,
1370 4932 1440 4973 unus
1454 4916 1578 4986 idemque
1591 4912 1676 4968 Filius
1688 4911 1737 4967 Dei

113 5013 198 5069 oculus
220 5015 295 5080 uidit,
321 5031 368 5069 nec
393 5016 466 5068 euris
491 5014 602 5079 audiuit,
620 5030 666 5068 nec
680 5014 708 5068 itt
720 5030 764 5068 eur
780 5014 893 5069 bominis
945 5022 973 5083 et
988 5011 1106 5068 hominis
1118 5010 1248 5065 Dominus
1266 5014 1359 5063 noster
1371 5004 1451 5061 lesus
1463 5002 1590 5059 Christus
1603 4999 1737 5072 intelliga-

115 5106 233 5174 asrendit,
256 5107 384 5162 exclusis.
407 5106 442 5159 Et
454 5107 515 5187 nlitto
527 5118 579 5169 ,est
594 5107 717 5185 widin
731 5124 738 5162 τ
752 5106 787 5161 m
800 5108 892 5163 elenen
943 5110 997 5157 tur.
1010 5100 1133 5157 Celerem
1146 5098 1291 5170 parabolae
1303 5093 1564 5167 expositiunculam,
1575 5093 1653 5162 jutta
1665 5089 1737 5159 quod

114 5206 149 5247 ert
162 5197 256 5266 jenua,
276 5201 403 5258 introitus
417 5182 548 5257 ‘videlieet
574 5200 809 5272 contemplationis
827 5200 895 5256 divi·
944 5192 1023 5248 nobis
1047 5192 1135 5247 vistim
1160 5199 1218 5255 0⁸¹.
1237 5186 1410 5245 verisimilem
1428 5186 1521 5242 ΝΜ·
1548 5183 1619 5238 ⁰¹⁸⁶·
1645 5182 1737 5237 Hibffl

117 5288 260 5348 nac'lacie
275 5291 309 5347 ad
330 5291 438 5359 laciern,
454 5293 487 5347 ad
506 5307 587 5363 quam
610 5292 719 5347 incaute
733 5293 759 5346 in
775 5293 825 5348 hac
840 5292 894 5347 vita
945 5299 1011 5339 stne
1026 5283 1059 5337 ¹⁸·
1075 5281 1146 5338 MAG·
1158 5280 1429 5366 pereffluens,
1448 5284 1476 5331 0²
1494 5275 1575 5327 ΗΜ
1592 5271 1666 5340 ⁰Wl
1685 5270 1736 5326 5¹¹¹·

602 5352 724 5377 ,...-.-,

118 5374 896 5452 niventes,oleumqueactionisetscientiaelnrationissuae
945 5374 1019 5445 pedit
1044 5371 1207 5443 imponere?
1233 5371 1308 5426 Dtsc.
1333 5367 1411 5451 Μ
1426 5366 1505 5421 video
1525 5362 1627 5464 ¹⁸,jtisi
1647 5370 1676 5416 ut
1695 5370 1736 5415 to·

120 5470 276 5536 receptacula
292 5484 345 5526 uon
368 5468 551 5540 intendentes,
563 5468 670 5526 etiamsi
686 5468 862 5524 clamaverant
873 5467 898 5532 *ζ
947 5465 1000 5520 tius
1025 5464 1116 5534 operis
1134 5461 1278 5529 materiae,
1302 5459 1354 5515 hoc
1369 5465 1421 5525 est,
1441 5454 1603 5512 universalis
1621 5462 1735 5509 naturae

746 5580 874 5638 VthhE
893 5576 1094 5636 theutones.

123 5688 369 5787 ''Fabomnium
378 5693 501 5750 scientia.
532 5692 684 5776 ’belone
708 5691 1116 5775 ‘'hdiubmecontemplationis.
1143 5686 1388 5771 metanensem.
1426 5682 1564 5738 'hiuma
1597 5679 1633 5734 ‘A
1646 5678 1733 5733 nimir.

143 5754 395 5890 tl'rxeporgdtesritluz.m
411 5763 750 5903 'fflcffwemthmt
766 5766 880 5899 Jitrltgroum
904 5773 929 5819 et
954 5777 1008 5819 om.
1024 5761 1058 5825 h,
1097 5758 1153 5813 ”A
1179 5756 1380 5833 signeficutroue.
1418 5753 1478 5811 “A
1502 5760 1733 5825 congruenterque.
