4167 6625
377 356 434 415 ῃ,
1067 308 1211 403 nonanta
1229 340 1329 413 scon
1451 310 1454 319 ’
1590 316 1595 329 ’
1940 348 1982 413 ns

321 510 327 527 .
380 462 448 523 alibi
456 460 573 534 signum,
588 457 650 515 alibi
674 456 759 528 spatia
775 456 785 488 ¹
799 454 915 511 laterum
926 468 942 510 a
952 453 1042 528 signo,
1054 453 1117 511 alibi
1130 470 1179 510 aa·
1191 460 1217 522 A
1230 450 1349 508 bominis
1361 450 1467 508 lactura
1481 450 1509 520 ⁸,
1525 451 1757 526 quaesitaedubio
1770 451 1891 510 inanima
1908 464 1984 519 etur

381 554 516 629 gaiorum,
535 551 599 607 alibi
618 559 757 621 punctum,
773 563 828 619 qno
840 546 928 603 lineae
943 546 1086 618 incipiunt,
1103 555 1132 603 et
1150 546 1177 603 in
1228 561 1295 618 pore
1318 547 1452 618 spirituali
1475 548 1502 604 in
1521 548 1608 621 prima
1627 547 1781 604 conditione
1799 548 1929 606 constitute
1944 563 1984 621 ert,

381 663 437 719 qno
453 659 503 718 per
513 642 656 714 iuncturas
670 640 784 695 lateram
802 637 893 707 anguli
907 637 1117 707 concluduntur,
1130 638 1178 694 sed
1228 654 1323 711 quam,
1334 639 1438 696 scilicet
1452 640 1581 705 animam,
1594 639 1660 695 datu
1672 639 1775 704 divitae,
1788 638 1841 695 imo
1849 639 1928 696 ilatum
1936 643 1985 701 diri-

381 739 411 797 in
423 753 476 793 una
489 735 639 804 eademqne
651 733 760 788 trutinae
772 730 930 803 geometrici
944 731 1024 786 animi
1038 731 1178 802 praedicta
1228 744 1312 796 num,
1326 730 1360 787 de
1374 726 1458 786 nihilo
1470 730 1622 795 conditam,
1636 744 1689 786 non
1704 738 1796 785 autem
1810 729 1842 787 de
1855 730 1931 803 aliquo
1943 750 1986 791 erc-

382 829 474 885 omnia
486 840 570 881 naum
584 830 657 886 snnt,
672 831 700 878 et
713 830 798 878 totum
812 822 838 876 in
851 821 976 892 singuiis,
988 830 1017 877 et
1029 820 1134 893 singula
1150 820 1178 877 in
1228 821 1326 878 dimus.
1346 821 1415 879 liae.
1430 821 1506 879 lianc
1519 822 1707 894 quaestionem
1725 819 1922 894 rnulta'caligiae
1931 826 1988 883 iuro·

382 930 441 977 toto
454 917 648 990 intelliguntur,
665 922 693 971 et
717 916 743 969 in
763 914 823 985 ipso
838 913 974 969 intellectu
988 913 1064 969 nnita
1079 915 1090 946 ⁸
1104 920 1177 979 strat,
1228 910 1313 967 lutam
1332 912 1440 979 sentio,
1462 911 1692 983 multiplicemque
1711 910 1880 967 reserationis
1895 915 1985 972 suecia

382 1012 447 1085 quia
461 1008 659 1083 ipscomninm,
672 1019 743 1077 quae
758 1005 894 1078 inteiligit,
908 1005 1096 1062 substantialis
1109 1006 1179 1062 ratio
1229 1004 1356 1062 cultatem
1364 1020 1509 1078 quaerere.
1517 1005 1570 1063 Sed
1578 1021 1613 1062 ue
1619 1005 1728 1078 penitus
1739 1005 1837 1061 intacta
1845 1008 1985 1081 tnndliuu,

382 1112 434 1167 est,
452 1116 486 1157 ex
499 1113 553 1171 qua
567 1097 795 1172 geometricorum
810 1112 956 1169 corporum
970 1096 1103 1154 formulae
1119 1110 1179 1168 spe·
1229 1092 1315 1167 ipsam
1337 1097 1553 1167 quodammodo,
1571 1106 1653 1169 pmut
1676 1096 1792 1153 interior
1810 1097 1886 1154 diuini
1907 1099 1987 1161 laminis

382 1196 535 1254 eillcantnr.
552 1194 586 1251 lit
601 1193 672 1265 quod
691 1192 724 1249 dc
738 1192 873 1265 triangulo
890 1193 1019 1259 diximus,
1033 1194 1067 1251 dc
1080 1194 1180 1250 ceteris
1229 1189 1323 1245 radius
1335 1188 1467 1255 arriserit,
1483 1189 1659 1262 corumptart
1671 1189 1843 1246 ronabtnrnr.
1855 1191 1890 1246 bc
1900 1193 1986 1263 prinm

382 1304 492 1360 qunque
507 1287 601 1359 liguris
610 1284 760 1358 angulosis,
774 1300 821 1341 sen
835 1284 1025 1351 circularibus,
1040 1286 1098 1342 sive
1108 1286 1180 1342 obli·
1230 1280 1317 1348 dieas,
1331 1296 1444 1352 quaeso,
1456 1289 1548 1338 utrum
1561 1297 1605 1338 res
1618 1281 1804 1355 intelligibiles
1823 1297 1868 1338 seu
1881 1286 1988 1344 sensibiles

383 1380 461 1452 quis,
487 1378 514 1434 in
536 1376 625 1449 planis
648 1390 755 1446 quoqne
781 1390 813 1432 ac
837 1375 930 1432 solidis
954 1375 1177 1448 intelligendum
1229 1372 1335 1444 priores
1348 1380 1412 1427 sunt
1426 1371 1529 1438 animo,
1543 1373 1589 1442 qni
1602 1386 1651 1428 eas
1665 1371 1806 1444 intelligit,
1817 1371 1990 1448 scissamque

382 1470 483 1542 qnippe
504 1474 601 1523 cuncta
623 1464 634 1498 ⁸
657 1466 726 1522 baec
755 1480 806 1520 rrna
841 1465 991 1536 cademque
1019 1465 1125 1521 ratione
1152 1465 1180 1521 in
1230 1465 1396 1521 sentinatur.
1411 1464 1485 1521 base.
1499 1462 1552 1522 ilbi
1565 1463 1638 1521 aliud
1661 1473 1719 1531 est,
1741 1465 1815 1537 quod
1828 1465 1990 1539 inteligas·

382 1567 474 1616 mente
482 1556 570 1630 perita
581 1553 878 1628 disciplinabiliquelin
886 1555 1041 1612 notionibus
1051 1557 1107 1612 suis
1117 1555 1181 1612 sub·
1231 1554 1316 1621 alind,
1327 1555 1399 1627 qnod
1413 1554 1583 1627 intelligitur,
1594 1563 1623 1609 ει
1633 1555 1757 1611 melioris
1770 1564 1929 1626 naturaeesl,
1938 1561 1990 1630 qaod

382 1652 492 1708 sistunt.
506 1648 535 1705 st
549 1663 613 1722 crgo
629 1648 793 1720 geometrica
808 1663 939 1719 corpora,
953 1649 1011 1705 sire
1023 1649 1051 1705 in
1066 1650 1181 1719 pirantr·
1231 1645 1375 1719 iotelligit,
1387 1660 1469 1718 quam
1481 1645 1554 1717 qnod
1567 1645 1747 1719 intelligitur,
1768 1646 1914 1720 intelligenti
1925 1652 1991 1709 anino

382 1741 431 1799 siis
447 1739 605 1804 memoriae,
623 1737 680 1793 sire
696 1736 722 1792 io
744 1737 834 1810 aliqua
851 1737 964 1794 rrrateria
987 1739 1107 1794 sensibili
1123 1738 1180 1794 lor·
1231 1751 1278 1794 sen
1298 1751 1379 1794 sensu
1398 1736 1525 1794 sentienti
1545 1752 1603 1794 rem
1625 1737 1794 1795 intellectam
1814 1754 1859 1795 sen
1878 1756 1963 1799 seusun
1975 1745 1991 1779 ¹·

382 1840 493 1889 meatur
503 1831 530 1886 in
543 1829 700 1886 notionibus
711 1830 768 1885 suis
779 1829 995 1897 rationabilibus,
1008 1831 1082 1887 omrai
1094 1832 1180 1904 pban·
1194 1817 1218 1879 Β
1230 1829 1368 1902 praecedi,
1390 1843 1443 1886 nun
1462 1831 1610 1901 incongrue
1628 1829 1757 1887 dixerim.
1774 1829 1828 1888 lies
1846 1836 1991 1906 antenripsas,

381 1924 451 1980 tasia
469 1931 551 1994 atque
569 1921 682 1978 materia
699 1922 871 1987 carentibus,
888 1937 970 1994 super
988 1937 1088 1990 omrte,
1107 1926 1179 1997 qnod
1230 1936 1301 1994 quae
1318 1936 1349 1978 se
1366 1920 1530 2001 intelligunt,
1553 1921 1580 1976 ln
1602 1932 1735 1992 quantum
1756 1938 1787 1979 se
1805 1922 1939 1996 intelligere
1950 1943 1991 1997 pos

382 2029 464 2071 sensu
479 2027 610 2084 corporeo
621 2011 782 2084 percipitur,
792 2010 836 2067 rel
850 2011 877 2067 ia
891 2013 1022 2069 memoria
1037 2013 1178 2086 liguratur,
1229 2021 1294 2071 sunt
1305 2013 1404 2101 ¹¹,Onon
1417 2012 1533 2069 dixerim
1545 2026 1609 2070 esse
1618 2023 1707 2070 semet
1718 2014 1835 2085 priores.
1850 2013 1910 2070 liam
1920 2017 1955 2072 nbi
1964 2034 1993 2075 ret

382 2105 553 2161 subsistunt:
571 2103 635 2174 qnid
650 2103 761 2167 mirum,
776 2115 890 2173 corpora
907 2117 1016 2173 quoque
1030 2103 1178 2172 naturalia,
1229 2101 1288 2173 ipsa
1302 2109 1330 2157 ει
1342 2102 1383 2157 sni
1397 2102 1516 2173 cognitio
1529 2117 1612 2158 arnum
1628 2112 1681 2169 est,
1696 2102 1788 2174 qualis
1803 2105 1942 2176 praecessio
1953 2106 1993 2163 leri

380 2210 415 2251 ex
428 2193 605 2267 qualitatibus
618 2191 814 2249 elementorum
827 2191 920 2247 mandi
931 2192 1094 2264 composita,
1109 2194 1135 2249 ia
1146 2209 1178 2250 ea
1229 2199 1329 2262 potest,
1341 2205 1394 2246 non
1410 2191 1498 2246 video.
1516 2190 1580 2248 Scio
1590 2193 1663 2247 enirn
1677 2208 1723 2271 nte
1737 2208 1810 2261 csse,
1821 2207 1870 2250 nee
1881 2204 1993 2254 urenae

379 2294 489 2352 natura,
502 2285 529 2341 ia
540 2298 593 2354 qua
604 2298 698 2339 eorum
713 2282 809 2337 notitia
819 2289 872 2348 est,
883 2281 1042 2347 subsistere,
1054 2296 1179 2352 praeser-
1229 2281 1370 2352 praecedit
1382 2281 1496 2338 selentia
1516 2282 1579 2344 mei,
1591 2284 1657 2371 qnia
1672 2299 1726 2338 nnn
1743 2285 1817 2340 aliud
1833 2288 1993 2353 camaldul

381 2378 431 2433 tim
448 2392 509 2434 cam
522 2375 630 2443 omnia,
652 2388 722 2444 qnae
738 2374 811 2428 circa
829 2386 943 2444 corpora
957 2372 1122 2439 sentiuntur,
1139 2373 1180 2430 in·
1230 2371 1354 2439 scientia,
1370 2388 1423 2444 qua
1444 2386 1489 2428 rne
1505 2373 1562 2428 scio
1574 2391 1581 2439 ;
1594 2370 1633 2459 'ot
1643 2373 1666 2429 si
1679 2376 1817 2431 nescirem
1835 2390 1945 2444 measse,
1956 2393 1993 2434 neu

382 2482 515 2539 corporea
530 2465 608 2521 sinti
626 2464 694 2519 Nam
712 2471 741 2518 ει
754 2463 870 2534 species,
882 2463 982 2534 quibus
991 2463 1176 2532 continentur,
1229 2465 1363 2522 nescirent
1377 2466 1500 2538 ignorare
1514 2481 1556 2521 mc
1570 2464 1631 2523 e'sse
1644 2484 1651 2520 ε
1663 2483 1695 2523 ac
1709 2483 1761 2540 per
1771 2468 1833 2534 boe,
1845 2470 1898 2526 sire
1905 2472 1992 2539 scirem

382 2555 569 2629 incorporales
580 2563 658 2620 sunt;
670 2553 838 2624 quantitates
851 2552 977 2609 similiter
990 2563 1018 2610 et
1031 2553 1178 2625 qualitates
1230 2555 1288 2610 sire
1301 2555 1442 2611 nescivero
1458 2570 1502 2612 rne
1511 2550 1594 2641 lesse,
1615 2559 1730 2615 seientia
1747 2574 1802 2615 non
1826 2561 1933 2628 carebo3
1947 2563 1993 2619 nili

380 2647 559 2721 intelligibilis
572 2655 685 2702 naturae
693 2657 755 2699 esse
767 2643 834 2699 nulli
849 2644 965 2717 sapienti
980 2644 1091 2700 dubium
1103 2647 1180 2704 ride·
1229 2646 1302 2702 enim
1311 2642 1542 2731 retrrancbitscire
1553 2648 1736 2721 ignorantiam
1749 2665 1848 2707 meam.
1858 2652 1888 2708 lit
1899 2653 1918 2709 si
1926 2668 1992 2723 orum,

380 2740 443 2806 tor,
453 2747 480 2794 et
492 2739 527 2793 ab
543 2733 769 2793 intellectualibus
781 2733 872 2790 vitalis
885 2733 1054 2791 substantiae
1064 2734 1177 2792 rationi·
1230 2740 1301 2812 quod
1310 2742 1478 2813 potestseire
1489 2742 1522 2774 ¹¹⁹
1534 2743 1658 2814 seipsum
1669 2744 1789 2813 nescire,
1797 2748 1993 2819 conpotestigto

378 2829 432 2887 bus
450 2829 607 2903 precedere.
1230 2843 1335 2887 rarese
1350 2831 1437 2902 ipsunt
1451 2845 1530 2898 esse;
1549 2848 1612 2889 nam
1633 2834 1782 2905 sipenitns
1802 2851 1855 2892 non
1873 2845 1992 2904 essenon

416 2922 444 2979 a.
464 2920 536 2978 liae.
556 2920 685 2993 Quisquis
702 2930 813 2976 naturas
826 2931 918 2976 rerum
933 2922 1054 2979 intentus
1067 2935 1178 2995 perspe-
1230 2921 1313 2977 sciret
1326 2923 1455 2993 ‘seipsum
1479 2924 1586 2981 nescire
1608 2941 1616 2980 a
1640 2924 1806 2993 coniicitur,
1831 2927 1931 2983 omniuo
1950 2941 1993 2984 ease

378 3013 467 3079 xcrit,
492 3012 561 3069 baec
590 3012 628 3068 ita
655 3028 686 3068 se
709 3011 812 3068 babere
834 3012 1025 3069 incunctanter
1047 3014 1177 3071 inveniet.
1229 3024 1326 3077 enine,
1339 3013 1410 3082 quod
1424 3013 1476 3068 scit
1489 3028 1519 3070 se
1531 3028 1607 3081 esse,
1622 3014 1665 3070 tel
1677 3015 1731 3071 scit
1747 3030 1778 3072 se
1793 3015 1894 3073 nescire
1908 3030 1992 3073 seue.

378 3101 453 3159 broc.
474 3101 522 3157 llis
545 3101 636 3173 itaque
662 3101 793 3159 discussis
810 3117 864 3159 nort
894 3096 1043 3176 incoagrue
1070 3104 1179 3175 qrtaeri-
1231 3102 1259 3158 Si
1277 3104 1338 3174 quis
1352 3115 1443 3162 antean
1461 3115 1536 3163 tanta
1557 3104 1845 3180 ignorantia‘obrntus
1862 3117 1993 3174 estune

378 3201 434 3257 tur,
445 3191 580 3261 mornado
595 3192 822 3248 omniscreatura
835 3192 984 3249 labamine
998 3202 1041 3249 est
1054 3192 1175 3261 condita,
1190 3175 1215 3242 (ἶ
1229 3196 1346 3267 scipsurn
1362 3192 1422 3253 css'e
1436 3199 1516 3265 sciat,
1532 3215 1583 3257 nec
1595 3201 1701 3258 nescire
1716 3202 1739 3235 ¹⁸
1760 3203 1875 3274 seipsum
1888 3218 1938 3260 esse
1950 3218 1992 3259 sea

378 3298 441 3340 eum
456 3282 514 3353 ipse
527 3291 589 3353 post
603 3283 769 3340 creationem
780 3284 901 3340 omnium
915 3284 1004 3341 laeuas
1019 3284 1103 3340 inisse
1116 3299 1178 3355 per·
1230 3286 1290 3352 tiat,
1303 3297 1351 3342 arrt
1362 3287 1470 3359 penitus
1482 3289 1563 3346 talem
1577 3305 1630 3348 non
1644 3307 1705 3350 esse
1719 3313 1726 3349 r
1741 3294 1887 3362 bominem,
1901 3303 1940 3350 ant
1950 3308 1992 3349 ona

378 3372 517 3430 blbcatur.
536 3372 565 3428 Si
579 3387 644 3445 ergo
662 3382 726 3428 ante
746 3374 835 3444 ipsam
850 3376 975 3431 urrirersa
991 3385 1117 3432 creatura
1138 3376 1178 3431 vi·
1228 3376 1293 3432 nino
1314 3379 1465 3435 ertlnctunt
1483 3381 1610 3438 dixerim.
1633 3383 1661 3438 ln
1683 3371 1992 3458 supradictisquoqncra·

378 3462 467 3518 sibilis
492 3468 520 3534 ει
541 3448 684 3518 inuisibilis
712 3472 805 3518 creata
827 3473 889 3528 cst,
918 3473 947 3519 ιιι
971 3466 1063 3521 divina
1095 3466 1179 3524 tradit
1229 3468 1348 3527 tionibus
1366 3473 1432 3528 satis
1452 3472 1525 3531 iuter
1543 3491 1593 3533 nus
1613 3485 1748 3535 statutum
1766 3481 1805 3549 ¹¹¹,
1821 3482 1886 3537 baec
1902 3481 1992 3537 dacia-

378 3552 504 3620 historia,
525 3551 679 3625 nulliusque
694 3554 813 3610 conditio
824 3564 886 3625 post
899 3555 986 3626 ipsum
1002 3555 1110 3628 legitur,
1124 3573 1176 3629 qna
1229 3574 1326 3616 rttauae
1340 3563 1448 3620 animae
1473 3566 1554 3621 sintul
1575 3575 1605 3623 et
1633 3568 1856 3641 inseparabiliter
1874 3586 1991 3643 aemnpu

379 3645 487 3701 ratione
504 3658 648 3715 pomnmns
669 3646 841 3716 perspicere,
858 3663 966 3704 omnem
982 3662 1134 3707 creaturam
1150 3654 1177 3710 in
1228 3651 1318 3708 inesse
1329 3670 1337 3709 a
1350 3657 1422 3712 seire
1436 3665 1465 3714 ει
1487 3660 1603 3715 ιιεεείιε.
1618 3659 1676 3717 Scit
1692 3662 1779 3732 enim,
1791 3679 1888 3722 ecesse
1903 3666 1991 3720 ndum·

377 3735 491 3793 bomine
507 3736 644 3792 conditam
659 3737 762 3794 luisse?
780 3739 849 3795 llam
866 3740 889 3797 si
908 3741 971 3813 quis
989 3742 1099 3811 dixerit,
1118 3747 1181 3803 uni·
1228 3742 1309 3798 bilcrn
1323 3753 1351 3800 et
1365 3744 1573 3804 intellectualem
1587 3759 1731 3819 naturarn;
1745 3755 1833 3810 nescit
1846 3764 1934 3820 autent,
1945 3751 1990 3824 quid

375 3839 484 3883 versam
499 3836 652 3884 creaturam
667 3829 709 3885 bis
723 3829 872 3898 conditam,
887 3832 976 3903 primo
990 3835 1100 3906 quidem
1114 3852 1177 3909 spe-
1228 3834 1265 3891 sit
1276 3836 1334 3908 ipse
1347 3835 1500 3896 irrtellectns
1514 3850 1542 3896 ει
1554 3841 1611 3912 ipsa
1626 3842 1707 3898 ratio.
1722 3843 1795 3902 Mac.
1807 3845 1864 3902 lion
1875 3858 1990 3914 anema

376 3915 484 3974 cialiter
497 3917 524 3973 in
539 3919 640 3990 seipse,
658 3921 778 3977 secundo
793 3936 859 3978 nero
871 3926 1035 3995 generaliter
1050 3926 1076 3982 in
1090 3929 1179 3986 bonai·
1229 3925 1387 3998 priusquam
1402 3928 1488 3984 scires
1509 3929 1552 3984 nel
1577 3933 1698 3989 nescires
1713 3943 1741 3991 te
1755 3936 1834 3991 cssei
1850 3934 1918 3991 lirsc.
1935 3932 1989 3998 bont

378 4023 425 4073 nc,
442 4025 495 4064 noa
509 4009 588 4067 lacile
598 4011 762 4068 crediderim
781 4014 879 4070 rationi
894 4018 1052 4084 eonremre,
1065 4019 1141 4091 qnia,
1155 4021 1178 4078 si
1229 4014 1309 4072 sirnnl
1323 4018 1394 4074 cuitu
1410 4020 1503 4091 accepi
1529 4036 1600 4089 8⁵³0·
1621 4033 1649 4079 et
1671 4039 1839 4099 cognoscere
1855 4043 1894 4085 ute
1905 4033 1989 4092 esst.ct

377 4098 416 4156 ita
429 4109 481 4165 est,
496 4102 632 4173 propriant
645 4104 823 4161 snlrstantiam
839 4106 921 4163 bomo
932 4125 985 4164 non
997 4111 1117 4178 babebit,
1129 4113 1178 4170 sed
1229 4109 1391 4182 intelligere,
1417 4128 1461 4171 me
1479 4114 1616 4187 ignorare,
1629 4118 1695 4188 qnid
1709 4135 1782 4178 sum.
1799 4122 1867 4181 bisc.
1882 4122 1987 4187 bicatili,

377 4189 432 4245 erit
456 4190 539 4246 rctntt
561 4193 694 4261 quaedam
717 4196 877 4265 conrpositio
901 4198 1047 4255 multarum
1074 4218 1177 4269 rerum,
1229 4201 1337 4271 qnando
1352 4203 1475 4260 notitiam
1486 4207 1527 4260 sai
1542 4208 1640 4279 accipit
1650 4208 1745 4280 burun,
1760 4221 1849 4270 utrum
1862 4215 1886 4269 in
1896 4213 1988 4269 illacen-

377 4278 435 4335 imo
449 4280 531 4335 etiarn
547 4281 632 4336 totins
645 4293 788 4338 creaturae
801 4284 878 4355 prius
890 4285 988 4354 iactae,
1004 4298 1032 4346 et
1043 4305 1096 4346 tana
1111 4293 1179 4350 mul-
1229 4292 1343 4360 ditione,
1359 4295 1386 4350 in
1412 4311 1465 4368 qua
1484 4313 1580 4357 carnes
1604 4300 1732 4361 homines
1753 4306 1930 4364 universaliter
1943 4302 1987 4358 iacti

377 4368 460 4439 liplex
474 4369 590 4425 diversis
609 4370 705 4427 iuratis
718 4378 902 4445 exaggeratio.
921 4375 957 4432 Et
975 4381 1046 4448 qued
1063 4390 1106 4437 cst
1116 4398 1179 4456 gra·
1230 4396 1292 4442 sunt
1314 4387 1341 4443 ia
1356 4389 1576 4459 primordialibus
1590 4395 1681 4451 causis
1695 4406 1761 4455 ante
1784 4408 1897 4471 tempora
1909 4396 1987 4454 ecula

376 4461 448 4528 vius,
459 4463 481 4519 si
492 4463 582 4518 omnis
593 4473 730 4532 creatura,
742 4467 801 4523 sive
812 4467 937 4537 risibilis,
950 4472 1008 4529 site
1022 4475 1175 4545 invisibilis,
1230 4475 1282 4543 ria,
1296 4493 1330 4533 an
1341 4479 1368 4533 in
1380 4478 1437 4548 ipsa
1448 4482 1635 4551 generatione,
1647 4487 1738 4555 quain
1749 4489 1845 4545 ordine
1858 4497 1986 4559 tcrnpomn,

376 4553 405 4609 in
420 4554 508 4625 seipsa
525 4554 723 4625 perfectissime
736 4558 806 4614 lacta
820 4570 877 4629 est;
891 4563 1027 4632 perlectus
1043 4568 1174 4637 siquidem
1231 4568 1287 4625 Deo
1311 4570 1360 4626 soli
1375 4572 1484 4644 cognito
1496 4583 1524 4630 ει
1538 4577 1726 4648 praedefinito,
1739 4581 1769 4638 in
1781 4583 1850 4640 banc
1862 4583 1933 4638 uitam
1942 4593 1985 4650 pre

377 4644 502 4700 conditor
515 4645 579 4701 dnm
593 4648 629 4702 sit
646 4659 675 4704 ct
688 4648 830 4721 plusquam
845 4655 991 4724 perlectus,
1007 4659 1110 4715 nullutn
1126 4662 1177 4718 im·
1230 4661 1324 4717 cedit?
1339 4663 1410 4720 base.
1437 4665 1466 4721 Ιιι
1482 4667 1615 4738 utrisque,
1631 4679 1661 4725 nt
1674 4672 1797 4731 arbitror
1814 4694 1821 4731 :
1841 4674 1865 4730 in
1888 4688 1932 4728 una
1944 4668 1986 4740 qui·

377 4731 527 4800 perlectum
548 4734 677 4791 credibile
696 4745 739 4793 est
752 4741 905 4816 condidisse
919 4758 927 4798 ι
941 4749 1077 4816 quomodo
1093 4751 1174 4807 rclnti
1229 4756 1288 4812 dean
1308 4757 1471 4827 generaliter
1493 4759 1520 4816 in
1544 4761 1634 4819 causis
1658 4762 1785 4833 latenter,
1805 4768 1831 4824 irr
1855 4766 1926 4822 altera
1938 4775 1984 4817 tero

377 4820 525 4876 secundam
542 4824 708 4882 conditionis
723 4843 788 4885 snae
799 4830 810 4862 ⁸
819 4831 1013 4902 perlectionem
1026 4837 1053 4892 in
1065 4838 1175 4898 bomine
1227 4847 1383 4918 specialiter
1405 4848 1432 4904 in
1450 4848 1592 4909 ellectlbns
1611 4854 1766 4914 marrilestc.
1782 4857 1847 4914 Naar
1863 4840 1932 4914 trib
1941 4852 1983 4924 pri·

377 4913 515 4984 acceperit
528 4915 559 4981 ‘,
577 4917 624 4988 qni
640 4928 778 4977 extremus
800 4924 827 4982 in
851 4927 952 4984 divinis
971 4933 1174 5002 operationibus
1227 4936 1350 4992 rttnrrliali
1366 4945 1394 4992 ει
1412 4939 1529 5009 generali
1551 4943 1632 4999 totius
1647 4944 1784 5003 burnanae
1802 4941 1983 5003 naturaccondi·

377 5006 601 5071 creatoribus
617 5009 653 5063 ita
668 5019 724 5076 est,
738 5028 793 5069 aon
826 5031 841 5071 ε
856 5011 941 5075 nibilo
961 5021 1024 5078 lecit
1038 5024 1110 5081 bens
1125 5026 1174 5082 lro·
1228 5023 1300 5081 tione
1312 5040 1391 5082 nemo
1401 5027 1520 5097 seipsum
1530 5031 1687 5098 specialiter
1697 5038 1844 5107 cognoscit,
1856 5046 1981 5106 noqnepre

375 5094 477 5150 minem
493 5097 526 5150 ed
549 5097 694 5171 imaginem
717 5118 811 5180 snam,
831 5109 877 5164 sed
896 5110 929 5168 de
950 5111 1009 5178 lais,
1026 5128 1096 5183 quac
1110 5126 1174 5172 ante
1227 5115 1313 5183 priam
1329 5115 1452 5171 notitiam
1464 5118 1505 5172 sni
1531 5119 1632 5178 babere
1645 5124 1755 5197 incipit;
1780 5144 1830 5183 arua
1843 5126 1906 5183 cala
1916 5133 1937 5180 ει
1947 5134 1980 5191 ge·

376 5186 466 5260 ipsum
486 5186 558 5245 lacta
579 5200 651 5247 sunt.
673 5192 750 5262 Quod
760 5191 791 5294 fi
811 5198 873 5269 quis
891 5199 1001 5267 dixerit,
1023 5203 1184 5260 humanum·
1227 5203 1327 5261 neralis
1350 5207 1470 5278 cognitio
1483 5210 1604 5266 omniurn
1619 5222 1661 5269 est
1675 5215 1724 5282 ibi,
1738 5218 1841 5292 solique
1854 5209 1979 5284 beewtb·

375 5292 475 5349 corpus
487 5295 542 5336 noa
556 5282 591 5340 de
601 5283 694 5351 nihilo,
708 5286 801 5344 sed'de
811 5287 902 5358 aliquo
915 5300 1031 5356 terreno,
1047 5293 1174 5351 videlicet
1226 5302 1264 5350 ta.
1276 5294 1334 5353 lllic
1351 5309 1471 5370 namque
1482 5315 1578 5359 omnes
1589 5304 1713 5363 homines
1729 5326 1800 5367 unus
1810 5320 1877 5377 sunt,
1887 5307 1978 5376 illeptc

376 5367 623 5439 limo',conditrrm
635 5372 938 5447 luisse,qniddlcturns
959 5382 1013 5440 crit
1022 5385 1056 5440 dc
1065 5384 1173 5442 meliori
1215 5385 1297 5444 'lecto
1314 5390 1348 5446 ad
1369 5390 1514 5463 imaginem
1537 5395 1585 5453 bel
1603 5395 1744 5470 lactus,in
1758 5416 1906 5480 quoouaes
1914 5393 1977 5455 creati

1027 5491 1153 5550 VARIAE
1169 5493 1371 5556 LEGTIONES·

376 5573 761 5709 Α’ῃθιὲειξοιξὼῇοὲςῖιίιιζιιὲ·
777 5583 789 5617 ⁸
804 5582 956 5686 Sicclstb
971 5589 1489 5703 mico.'⁸18icCF·;bcurrotoquippe.
1527 5606 1829 5688 ‘crdtrrtpttmttqsa
1861 5599 1974 5683 'stabit

659 5690 666 5705 .
754 5666 779 5709 tc
797 5652 900 5722 cm
927 5669 1036 5728 aceepit.
1100 5661 1147 5718 Stc
1173 5664 1353 5732 CRAluto.
1417 5670 1673 5751 siccmaprrn.
1711 5682 1883 5742 'etunnOE
1915 5672 1975 5728 “3¹⁶

377 5710 440 5849 3⁴2:
449 5713 838 5843 Adttmztrudpprebetttom.
875 5725 1188 5806 “brehemont
1226 5735 1363 5810 ¹¹'Gun1.,
1378 5740 1446 5797 tes
1461 5746 1569 5804 nescire.
1618 5751 1884 5826 ”Slcdmscire
1914 5739 1973 5798 ”Sic
