<?xml version="1.0" encoding="UTF-8"?>
<!DOCTYPE html PUBLIC "-//W3C//DTD XHTML 1.0 Transitional//EN"
    "http://www.w3.org/TR/xhtml1/DTD/xhtml1-transitional.dtd">
<html xmlns="http://www.w3.org/1999/xhtml" xml:lang="en" lang="en">
 <head>
  <title>
</title>
<meta http-equiv="Content-Type" content="text/html;charset=utf-8" />
  <meta name='ocr-system' content='tesseract 3.04.00' />
  <meta name='ocr-capabilities' content='ocr_page ocr_carea ocr_par ocr_line ocrx_word'/>
</head>
<body>
  <div class='ocr_page' id='page_1' title='image "./operaquaesupers01flosgoog/operaquaesupers01flosgoog_0250.png"; bbox 0 0 4167 6625; ppageno 0'>
   <div class='ocr_carea' id='block_1_1' title="bbox 396 499 450 554">
    <p class='ocr_par' dir='ltr' id='par_1_1' title="bbox 396 499 450 554">
     <span class='ocr_line' id='line_1_1' title="bbox 396 499 450 554; baseline 0.056 -3"><span class='ocrx_word' id='word_1_1' title='bbox 396 499 450 554; x_wconf 76' lang='lat' dir='ltr'><strong>tis</strong></span> 
     </span>
    </p>
   </div>
   <div class='ocr_carea' id='block_1_2' title="bbox 1085 493 1982 562">
    <p class='ocr_par' dir='ltr' id='par_1_2' title="bbox 1085 493 1982 562">
     <span class='ocr_line' id='line_1_2' title="bbox 1085 493 1982 562; baseline 0.012 -12"><span class='ocrx_word' id='word_1_2' title='bbox 1085 493 1224 552; x_wconf 79' lang='lat' dir='ltr'><strong>tuuNNts</strong></span> <span class='ocrx_word' id='word_1_3' title='bbox 1244 495 1341 553; x_wconf 74' lang='lat' dir='ltr'><strong>SCOTi</strong></span> <span class='ocrx_word' id='word_1_4' title='bbox 1942 508 1982 562; x_wconf 73' lang='lat' dir='ltr'><strong>lid</strong></span> 
     </span>
    </p>
   </div>
   <div class='ocr_carea' id='block_1_3' title="bbox 398 604 1982 679">
    <p class='ocr_par' dir='ltr' id='par_1_3' title="bbox 398 604 1982 679">
     <span class='ocr_line' id='line_1_3' title="bbox 398 604 1982 679; baseline 0.004 -15"><span class='ocrx_word' id='word_1_5' title='bbox 398 613 459 664; x_wconf 84' lang='lat' dir='ltr'><strong>rina</strong></span> <span class='ocrx_word' id='word_1_6' title='bbox 477 607 581 677; x_wconf 83' lang='lat' dir='ltr'><strong>justitia</strong></span> <span class='ocrx_word' id='word_1_7' title='bbox 609 609 750 677; x_wconf 82' lang='lat' dir='ltr'><strong>probibeat</strong></span> <span class='ocrx_word' id='word_1_8' title='bbox 765 605 884 675; x_wconf 77' lang='lat' dir='ltr'>torqueri</span> <span class='ocrx_word' id='word_1_9' title='bbox 898 605 931 658; x_wconf 79' lang='lat'><strong>¹?</strong></span> <span class='ocrx_word' id='word_1_10' title='bbox 946 604 1002 659; x_wconf 85' lang='lat' dir='ltr'><strong>Non</strong></span> <span class='ocrx_word' id='word_1_11' title='bbox 1024 605 1095 659; x_wconf 88' lang='lat' dir='ltr'><strong>enim</strong></span> <span class='ocrx_word' id='word_1_12' title='bbox 1111 606 1183 673; x_wconf 85' lang='lat' dir='ltr'><strong>juste</strong></span> <span class='ocrx_word' id='word_1_13' title='bbox 1197 615 1219 670; x_wconf 79' lang='grc' dir='ltr'><strong>Λ</strong></span> <span class='ocrx_word' id='word_1_14' title='bbox 1235 608 1311 662; x_wconf 87' lang='lat' dir='ltr'><strong>itaet</strong></span> <span class='ocrx_word' id='word_1_15' title='bbox 1328 609 1464 678; x_wconf 89' lang='lat' dir='ltr'><strong>propriam</strong></span> <span class='ocrx_word' id='word_1_16' title='bbox 1480 616 1637 679; x_wconf 85' lang='lat' dir='ltr'><strong>peceatum;</strong></span> <span class='ocrx_word' id='word_1_17' title='bbox 1652 615 1677 662; x_wconf 90' lang='lat' dir='ltr'><strong>et</strong></span> <span class='ocrx_word' id='word_1_18' title='bbox 1689 609 1902 679; x_wconf 75' lang='lat' dir='ltr'><strong>quemadmodum</strong></span> <span class='ocrx_word' id='word_1_19' title='bbox 1912 612 1935 666; x_wconf 89' lang='lat' dir='ltr'><strong>ia</strong></span> <span class='ocrx_word' id='word_1_20' title='bbox 1947 613 1982 670; x_wconf 90' lang='lat' dir='ltr'><strong>ilb</strong></span> 
     </span>
    </p>
   </div>
   <div class='ocr_carea' id='block_1_4' title="bbox 395 693 1183 952">
    <p class='ocr_par' dir='ltr' id='par_1_4' title="bbox 395 693 1183 952">
     <span class='ocr_line' id='line_1_4' title="bbox 395 693 1182 773; baseline -0.009 -17"><span class='ocrx_word' id='word_1_21' title='bbox 395 704 522 773; x_wconf 75' lang='lat' dir='ltr'><strong>peruritur,</strong></span> <span class='ocrx_word' id='word_1_22' title='bbox 546 700 597 755; x_wconf 83' lang='lat' dir='ltr'><strong>nisi</strong></span> <span class='ocrx_word' id='word_1_23' title='bbox 616 700 686 768; x_wconf 88' lang='lat' dir='ltr'><strong>quod</strong></span> <span class='ocrx_word' id='word_1_24' title='bbox 702 699 857 766; x_wconf 71' lang='lat' dir='ltr'><strong>delinquere</strong></span> <span class='ocrx_word' id='word_1_25' title='bbox 873 695 1051 749; x_wconf 80' lang='lat' dir='ltr'><strong>conuincitur.</strong></span> <span class='ocrx_word' id='word_1_26' title='bbox 1078 693 1182 749; x_wconf 77' lang='lat' dir='ltr'><strong>Nullius</strong></span> 
     </span>
     <span class='ocr_line' id='line_1_5' title="bbox 397 785 1183 859; baseline -0.013 -11"><span class='ocrx_word' id='word_1_27' title='bbox 397 794 513 849; x_wconf 88' lang='lat' dir='ltr'><strong>bominis</strong></span> <span class='ocrx_word' id='word_1_28' title='bbox 524 792 659 848; x_wconf 76' lang='lat' dir='ltr'><strong>inuenitur</strong></span> <span class='ocrx_word' id='word_1_29' title='bbox 669 790 806 859; x_wconf 89' lang='lat' dir='ltr'><strong>iniquitas,</strong></span> <span class='ocrx_word' id='word_1_30' title='bbox 817 788 867 843; x_wconf 90' lang='lat' dir='ltr'><strong>nisi</strong></span> <span class='ocrx_word' id='word_1_31' title='bbox 878 802 942 842; x_wconf 90' lang='lat' dir='ltr'><strong>suae</strong></span> <span class='ocrx_word' id='word_1_32' title='bbox 953 786 1078 857; x_wconf 88' lang='lat' dir='ltr'><strong>propriae</strong></span> <span class='ocrx_word' id='word_1_33' title='bbox 1090 785 1183 839; x_wconf 84' lang='lat' dir='ltr'><strong>tulna·</strong></span> 
     </span>
     <span class='ocr_line' id='line_1_6' title="bbox 397 876 1182 952; baseline -0.015 -13"><span class='ocrx_word' id='word_1_34' title='bbox 397 886 459 939; x_wconf 87' lang='lat' dir='ltr'><strong>tatis</strong></span> <span class='ocrx_word' id='word_1_35' title='bbox 483 882 625 952; x_wconf 87' lang='lat' dir='ltr'><strong>culpabilis</strong></span> <span class='ocrx_word' id='word_1_36' title='bbox 644 879 815 950; x_wconf 79' lang='lat' dir='ltr'><strong>peruersitas.</strong></span> <span class='ocrx_word' id='word_1_37' title='bbox 838 877 913 943; x_wconf 82' lang='lat' dir='ltr'><strong>Quae</strong></span> <span class='ocrx_word' id='word_1_38' title='bbox 929 876 1072 929; x_wconf 80' lang='lat' dir='ltr'><strong>serissime</strong></span> <span class='ocrx_word' id='word_1_39' title='bbox 1086 884 1182 928; x_wconf 84' lang='lat' dir='ltr'><strong>natura</strong></span> 
     </span>
    </p>
   </div>
   <div class='ocr_carea' id='block_1_5' title="bbox 1233 695 1985 945">
    <p class='ocr_par' dir='ltr' id='par_1_5' title="bbox 1233 695 1985 945">
     <span class='ocr_line' id='line_1_7' title="bbox 1234 695 1984 767; baseline 0.009 -17"><span class='ocrx_word' id='word_1_40' title='bbox 1234 698 1418 766; x_wconf 86' lang='lat' dir='ltr'><strong>unusquisque</strong></span> <span class='ocrx_word' id='word_1_41' title='bbox 1439 697 1586 753; x_wconf 80' lang='lat' dir='ltr'><strong>voluntatis</strong></span> <span class='ocrx_word' id='word_1_42' title='bbox 1601 711 1666 752; x_wconf 87' lang='lat' dir='ltr'><strong>strae</strong></span> <span class='ocrx_word' id='word_1_43' title='bbox 1678 695 1839 752; x_wconf 85' lang='lat' dir='ltr'><strong>individuum</strong></span> <span class='ocrx_word' id='word_1_44' title='bbox 1854 701 1984 767; x_wconf 70' lang='lat' dir='ltr'><strong>possederat</strong></span> 
     </span>
     <span class='ocr_line' id='line_1_8' title="bbox 1233 787 1984 860; baseline 0.007 -20"><span class='ocrx_word' id='word_1_45' title='bbox 1233 799 1387 851; x_wconf 86' lang='lat' dir='ltr'><strong>mimerrnn,</strong></span> <span class='ocrx_word' id='word_1_46' title='bbox 1399 788 1434 841; x_wconf 92' lang='lat' dir='ltr'><strong>ita</strong></span> <span class='ocrx_word' id='word_1_47' title='bbox 1450 788 1476 843; x_wconf 92' lang='lat' dir='ltr'><strong>iu</strong></span> <span class='ocrx_word' id='word_1_48' title='bbox 1488 788 1534 842; x_wconf 89' lang='lat' dir='ltr'><strong>illu</strong></span> <span class='ocrx_word' id='word_1_49' title='bbox 1549 804 1597 858; x_wconf 89' lang='lat' dir='ltr'><strong>per</strong></span> <span class='ocrx_word' id='word_1_50' title='bbox 1613 803 1642 842; x_wconf 90' lang='lat' dir='ltr'><strong>se</strong></span> <span class='ocrx_word' id='word_1_51' title='bbox 1663 787 1751 858; x_wconf 89' lang='lat' dir='ltr'><strong>ipsum</strong></span> <span class='ocrx_word' id='word_1_52' title='bbox 1765 787 1881 857; x_wconf 87' lang='lat' dir='ltr'><strong>singulas</strong></span> <span class='ocrx_word' id='word_1_53' title='bbox 1893 791 1984 860; x_wconf 89' lang='lat' dir='ltr'><strong>quisque</strong></span> 
     </span>
     <span class='ocr_line' id='line_1_9' title="bbox 1233 875 1985 945; baseline 0.011 -18"><span class='ocrx_word' id='word_1_54' title='bbox 1233 876 1318 944; x_wconf 91' lang='lat' dir='ltr'><strong>potuit</strong></span> <span class='ocrx_word' id='word_1_55' title='bbox 1349 877 1485 945; x_wconf 89' lang='lat' dir='ltr'><strong>proprium</strong></span> <span class='ocrx_word' id='word_1_56' title='bbox 1518 878 1687 932; x_wconf 72' lang='lat' dir='ltr'><strong>committere</strong></span> <span class='ocrx_word' id='word_1_57' title='bbox 1716 875 1850 932; x_wconf 85' lang='lat' dir='ltr'><strong>deliettnu.</strong></span> <span class='ocrx_word' id='word_1_58' title='bbox 1877 877 1903 932; x_wconf 91' lang='lat' dir='ltr'><strong>lu</strong></span> <span class='ocrx_word' id='word_1_59' title='bbox 1929 882 1985 935; x_wconf 88' lang='lat' dir='ltr'><strong>uaib</strong></span> 
     </span>
    </p>
   </div>
   <div class='ocr_carea' id='block_1_6' title="bbox 396 963 1987 1046">
    <p class='ocr_par' dir='ltr' id='par_1_6' title="bbox 396 963 1987 1046">
     <span class='ocr_line' id='line_1_10' title="bbox 396 963 1987 1046; baseline -0.003 -19"><span class='ocrx_word' id='word_1_60' title='bbox 396 989 449 1026; x_wconf 84' lang='lat' dir='ltr'><strong>riou</strong></span> <span class='ocrx_word' id='word_1_61' title='bbox 472 982 530 1035; x_wconf 88' lang='lat' dir='ltr'><strong>est,</strong></span> <span class='ocrx_word' id='word_1_62' title='bbox 553 971 634 1040; x_wconf 79' lang='lat' dir='ltr'><strong>quta·</strong></span> <span class='ocrx_word' id='word_1_63' title='bbox 650 982 683 1023; x_wconf 82' lang='lat' dir='ltr'><strong>ex</strong></span> <span class='ocrx_word' id='word_1_64' title='bbox 707 969 761 1023; x_wconf 85' lang='lat' dir='ltr'><strong>Deo</strong></span> <span class='ocrx_word' id='word_1_65' title='bbox 779 966 901 1021; x_wconf 90' lang='lat' dir='ltr'><strong>onmium</strong></span> <span class='ocrx_word' id='word_1_66' title='bbox 923 973 1045 1019; x_wconf 87' lang='lat' dir='ltr'><strong>creatore</strong></span> <span class='ocrx_word' id='word_1_67' title='bbox 1059 964 1085 1017; x_wconf 92' lang='lat' dir='ltr'><strong>in</strong></span> <span class='ocrx_word' id='word_1_68' title='bbox 1110 963 1182 1017; x_wconf 87' lang='lat' dir='ltr'><strong>unda</strong></span> <span class='ocrx_word' id='word_1_69' title='bbox 1228 964 1330 1046; x_wconf 66' lang='lat' dir='ltr'><strong>quipppe</strong></span> <span class='ocrx_word' id='word_1_70' title='bbox 1344 964 1578 1034; x_wconf 83' lang='lat' dir='ltr'><strong>uindicaturjuste</strong></span> <span class='ocrx_word' id='word_1_71' title='bbox 1601 966 1712 1021; x_wconf 88' lang='lat' dir='ltr'><strong>alterins</strong></span> <span class='ocrx_word' id='word_1_72' title='bbox 1727 975 1873 1034; x_wconf 87' lang='lat' dir='ltr'><strong>peecatum.</strong></span> <span class='ocrx_word' id='word_1_73' title='bbox 1894 966 1987 1023; x_wconf 82' lang='lat' dir='ltr'><strong>Proinde</strong></span> 
     </span>
    </p>
   </div>
   <div class='ocr_carea' id='block_1_7' title="bbox 395 1052 1180 1155">
    <p class='ocr_par' dir='ltr' id='par_1_7' title="bbox 395 1052 1180 1155">
     <span class='ocr_line' id='line_1_11' title="bbox 395 1052 1180 1155; baseline -0.008 -42"><span class='ocrx_word' id='word_1_74' title='bbox 395 1061 545 1116; x_wconf 85' lang='lat' dir='ltr'><strong>substantia</strong></span> <span class='ocrx_word' id='word_1_75' title='bbox 557 1063 568 1091; x_wconf 87' lang='lat'><strong>¹</strong></span> <span class='ocrx_word' id='word_1_76' title='bbox 581 1067 624 1113; x_wconf 89' lang='lat' dir='ltr'><strong>est</strong></span> <span class='ocrx_word' id='word_1_77' title='bbox 642 1066 743 1113; x_wconf 87' lang='lat' dir='ltr'><strong>ereata.</strong></span> <span class='ocrx_word' id='word_1_78' title='bbox 757 1054 928 1155; x_wconf 62' lang='lat' dir='ltr'><strong>testetgjpn</strong></span> <span class='ocrx_word' id='word_1_79' title='bbox 948 1052 1060 1123; x_wconf 82' lang='lat' dir='ltr'><strong>punita⁸</strong></span> <span class='ocrx_word' id='word_1_80' title='bbox 1072 1053 1180 1107; x_wconf 85' lang='lat' dir='ltr'><strong>misera.</strong></span> 
     </span>
    </p>
   </div>
   <div class='ocr_carea' id='block_1_8' title="bbox 294 1129 1181 1219">
    <p class='ocr_par' dir='ltr' id='par_1_8' title="bbox 294 1129 1181 1219">
     <span class='ocr_line' id='line_1_12' title="bbox 294 1129 1181 1219; baseline -0.012 -15"><span class='ocrx_word' id='word_1_81' title='bbox 294 1129 303 1142; x_wconf 57' lang='lat'><strong>⁹</strong></span> <span class='ocrx_word' id='word_1_82' title='bbox 396 1150 464 1205; x_wconf 87' lang='lat' dir='ltr'><strong>ilinc</strong></span> <span class='ocrx_word' id='word_1_83' title='bbox 479 1148 644 1219; x_wconf 74' lang='lat' dir='ltr'><strong>Augustinus</strong></span> <span class='ocrx_word' id='word_1_84' title='bbox 665 1165 672 1202; x_wconf 88' lang='lat'>:</span> <span class='ocrx_word' id='word_1_85' title='bbox 699 1165 708 1198; x_wconf 84' lang='lat' dir='ltr'><strong>r</strong></span> <span class='ocrx_word' id='word_1_86' title='bbox 732 1144 818 1199; x_wconf 83' lang='lat' dir='ltr'><strong>Nimis</strong></span> <span class='ocrx_word' id='word_1_87' title='bbox 832 1144 930 1214; x_wconf 88' lang='lat' dir='ltr'><strong>impius</strong></span> <span class='ocrx_word' id='word_1_88' title='bbox 942 1151 970 1197; x_wconf 92' lang='lat' dir='ltr'><strong>et</strong></span> <span class='ocrx_word' id='word_1_89' title='bbox 984 1141 1106 1196; x_wconf 86' lang='lat' dir='ltr'><strong>indoctus</strong></span> <span class='ocrx_word' id='word_1_90' title='bbox 1119 1149 1181 1207; x_wconf 87' lang='lat' dir='ltr'><strong>est,</strong></span> 
     </span>
    </p>
   </div>
   <div class='ocr_carea' id='block_1_9' title="bbox 394 1234 1183 1925">
    <p class='ocr_par' dir='ltr' id='par_1_9' title="bbox 394 1234 1183 1925">
     <span class='ocr_line' id='line_1_13' title="bbox 394 1234 1181 1310; baseline -0.009 -17"><span class='ocrx_word' id='word_1_91' title='bbox 394 1241 439 1310; x_wconf 90' lang='lat' dir='ltr'><strong>qui</strong></span> <span class='ocrx_word' id='word_1_92' title='bbox 452 1242 545 1295; x_wconf 84' lang='lat' dir='ltr'><strong>uitium</strong></span> <span class='ocrx_word' id='word_1_93' title='bbox 557 1247 670 1294; x_wconf 88' lang='lat' dir='ltr'><strong>naturae</strong></span> <span class='ocrx_word' id='word_1_94' title='bbox 682 1251 734 1290; x_wconf 92' lang='lat' dir='ltr'><strong>nou</strong></span> <span class='ocrx_word' id='word_1_95' title='bbox 747 1235 877 1291; x_wconf 78' lang='lat' dir='ltr'><strong>disceruit</strong></span> <span class='ocrx_word' id='word_1_96' title='bbox 888 1234 922 1287; x_wconf 86' lang='lat' dir='ltr'><strong>ab</strong></span> <span class='ocrx_word' id='word_1_97' title='bbox 934 1241 1045 1287; x_wconf 90' lang='lat' dir='ltr'><strong>auctore</strong></span> <span class='ocrx_word' id='word_1_98' title='bbox 1058 1242 1181 1298; x_wconf 85' lang='lat' dir='ltr'><strong>traturae,</strong></span> 
     </span>
     <span class='ocr_line' id='line_1_14' title="bbox 394 1324 1183 1402; baseline -0.011 -16"><span class='ocrx_word' id='word_1_99' title='bbox 394 1353 408 1386; x_wconf 86' lang='lat' dir='ltr'><strong>a</strong></span> <span class='ocrx_word' id='word_1_100' title='bbox 425 1349 478 1402; x_wconf 90' lang='lat' dir='ltr'><strong>qua</strong></span> <span class='ocrx_word' id='word_1_101' title='bbox 492 1345 602 1401; x_wconf 87' lang='lat' dir='ltr'><strong>prorsus</strong></span> <span class='ocrx_word' id='word_1_102' title='bbox 622 1328 738 1381; x_wconf 75' lang='lat' dir='ltr'><strong>strenam</strong></span> <span class='ocrx_word' id='word_1_103' title='bbox 760 1333 812 1390; x_wconf 88' lang='lat' dir='ltr'><strong>est,</strong></span> <span class='ocrx_word' id='word_1_104' title='bbox 826 1324 956 1395; x_wconf 90' lang='lat' dir='ltr'><strong>quidquid</strong></span> <span class='ocrx_word' id='word_1_105' title='bbox 978 1324 1004 1378; x_wconf 91' lang='lat' dir='ltr'><strong>in</strong></span> <span class='ocrx_word' id='word_1_106' title='bbox 1021 1337 1183 1392; x_wconf 90' lang='lat' dir='ltr'><strong>unoquoque</strong></span> 
     </span>
     <span class='ocr_line' id='line_1_15' title="bbox 394 1413 1183 1478; baseline -0.014 -1"><span class='ocrx_word' id='word_1_107' title='bbox 394 1422 578 1477; x_wconf 83' lang='lat' dir='ltr'><strong>alantnandutn</strong></span> <span class='ocrx_word' id='word_1_108' title='bbox 597 1427 649 1474; x_wconf 88' lang='lat' dir='ltr'><strong>est.</strong></span> <span class='ocrx_word' id='word_1_109' title='bbox 665 1418 746 1472; x_wconf 88' lang='lat' dir='ltr'><strong>Creat</strong></span> <span class='ocrx_word' id='word_1_110' title='bbox 759 1417 831 1471; x_wconf 86' lang='lat' dir='ltr'><strong>enim</strong></span> <span class='ocrx_word' id='word_1_111' title='bbox 856 1414 994 1478; x_wconf 87' lang='lat' dir='ltr'><strong>ltomiues,</strong></span> <span class='ocrx_word' id='word_1_112' title='bbox 1018 1421 1050 1466; x_wconf 92' lang='lat' dir='ltr'><strong>ut</strong></span> <span class='ocrx_word' id='word_1_113' title='bbox 1065 1413 1120 1467; x_wconf 89' lang='lat' dir='ltr'><strong>sint</strong></span> <span class='ocrx_word' id='word_1_114' title='bbox 1135 1413 1183 1466; x_wconf 91' lang='lat' dir='ltr'><strong>bo·</strong></span> 
     </span>
     <span class='ocr_line' id='line_1_16' title="bbox 395 1507 1180 1581; baseline -0.011 -12"><span class='ocrx_word' id='word_1_115' title='bbox 395 1518 492 1578; x_wconf 86' lang='lat' dir='ltr'><strong>utines,</strong></span> <span class='ocrx_word' id='word_1_116' title='bbox 518 1529 568 1568; x_wconf 90' lang='lat' dir='ltr'><strong>nee</strong></span> <span class='ocrx_word' id='word_1_117' title='bbox 588 1511 797 1581; x_wconf 77' lang='lat' dir='ltr'><strong>multiplicandis</strong></span> <span class='ocrx_word' id='word_1_118' title='bbox 813 1509 1017 1580; x_wconf 79' lang='lat' dir='ltr'><strong>generationum</strong></span> <span class='ocrx_word' id='word_1_119' title='bbox 1031 1507 1180 1561; x_wconf 87' lang='lat' dir='ltr'><strong>successio·</strong></span> 
     </span>
     <span class='ocr_line' id='line_1_17' title="bbox 395 1596 1181 1672; baseline -0.011 -14"><span class='ocrx_word' id='word_1_120' title='bbox 395 1601 473 1658; x_wconf 84' lang='lat' dir='ltr'><strong>itibus</strong></span> <span class='ocrx_word' id='word_1_121' title='bbox 488 1602 623 1672; x_wconf 75' lang='lat' dir='ltr'><strong>opificium</strong></span> <span class='ocrx_word' id='word_1_122' title='bbox 639 1616 717 1655; x_wconf 86' lang='lat' dir='ltr'><strong>suain</strong></span> <span class='ocrx_word' id='word_1_123' title='bbox 730 1598 1024 1661; x_wconf 86' lang='lat' dir='ltr'><strong>subtrabit,seeuudum</strong></span> <span class='ocrx_word' id='word_1_124' title='bbox 1039 1596 1181 1650; x_wconf 90' lang='lat' dir='ltr'><strong>eonsilium</strong></span> 
     </span>
     <span class='ocr_line' id='line_1_18' title="bbox 394 1683 1181 1757; baseline -0.01 -12"><span class='ocrx_word' id='word_1_125' title='bbox 394 1695 481 1745; x_wconf 51' lang='lat' dir='ltr'><strong>dronae</strong></span> <span class='ocrx_word' id='word_1_126' title='bbox 494 1690 641 1744; x_wconf 78' lang='lat' dir='ltr'><strong>voluntatis</strong></span> <span class='ocrx_word' id='word_1_127' title='bbox 668 1703 733 1743; x_wconf 88' lang='lat' dir='ltr'><strong>suae</strong></span> <span class='ocrx_word' id='word_1_128' title='bbox 756 1697 930 1757; x_wconf 89' lang='lat' dir='ltr'><strong>reparaturus</strong></span> <span class='ocrx_word' id='word_1_129' title='bbox 942 1686 969 1740; x_wconf 91' lang='lat' dir='ltr'><strong>iu</strong></span> <span class='ocrx_word' id='word_1_130' title='bbox 986 1684 1090 1748; x_wconf 88' lang='lat' dir='ltr'><strong>multis,</strong></span> <span class='ocrx_word' id='word_1_131' title='bbox 1110 1683 1181 1753; x_wconf 89' lang='lat' dir='ltr'><strong>quod</strong></span> 
     </span>
     <span class='ocr_line' id='line_1_19' title="bbox 395 1776 1181 1850; baseline -0.006 -16"><span class='ocrx_word' id='word_1_132' title='bbox 395 1782 452 1850; x_wconf 88' lang='lat' dir='ltr'><strong>ipse</strong></span> <span class='ocrx_word' id='word_1_133' title='bbox 479 1780 558 1846; x_wconf 84' lang='lat' dir='ltr'><strong>lecit,</strong></span> <span class='ocrx_word' id='word_1_134' title='bbox 585 1780 728 1849; x_wconf 91' lang='lat' dir='ltr'><strong>puniturus</strong></span> <span class='ocrx_word' id='word_1_135' title='bbox 755 1778 782 1832; x_wconf 92' lang='lat' dir='ltr'><strong>in</strong></span> <span class='ocrx_word' id='word_1_136' title='bbox 809 1777 919 1841; x_wconf 83' lang='lat' dir='ltr'><strong>uiuitis,</strong></span> <span class='ocrx_word' id='word_1_137' title='bbox 950 1776 1022 1848; x_wconf 90' lang='lat' dir='ltr'><strong>quod</strong></span> <span class='ocrx_word' id='word_1_138' title='bbox 1046 1776 1103 1845; x_wconf 89' lang='lat' dir='ltr'><strong>ipse</strong></span> <span class='ocrx_word' id='word_1_139' title='bbox 1128 1791 1181 1829; x_wconf 92' lang='lat' dir='ltr'><strong>noa</strong></span> 
     </span>
     <span class='ocr_line' id='line_1_20' title="bbox 395 1872 523 1925; baseline 0.008 -1"><span class='ocrx_word' id='word_1_140' title='bbox 395 1872 484 1925; x_wconf 81' lang='lat' dir='ltr'><strong>tecitb</strong></span> <span class='ocrx_word' id='word_1_141' title='bbox 502 1891 523 1925; x_wconf 87' lang='lat' dir='ltr'><strong>t.</strong></span> 
     </span>
    </p>
   </div>
   <div class='ocr_carea' id='block_1_10' title="bbox 1233 1034 1987 1126">
    <p class='ocr_par' dir='ltr' id='par_1_10' title="bbox 1233 1034 1987 1126">
     <span class='ocr_line' id='line_1_21' title="bbox 1233 1034 1987 1126; baseline 0.009 -19"><span class='ocrx_word' id='word_1_142' title='bbox 1233 1053 1259 1108; x_wconf 90' lang='lat' dir='ltr'><strong>iu</strong></span> <span class='ocrx_word' id='word_1_143' title='bbox 1276 1054 1349 1108; x_wconf 88' lang='lat' dir='ltr'><strong>nullo</strong></span> <span class='ocrx_word' id='word_1_144' title='bbox 1372 1065 1467 1110; x_wconf 90' lang='lat' dir='ltr'><strong>natura</strong></span> <span class='ocrx_word' id='word_1_145' title='bbox 1488 1058 1607 1126; x_wconf 88' lang='lat' dir='ltr'><strong>punitur,</strong></span> <span class='ocrx_word' id='word_1_146' title='bbox 1631 1057 1693 1125; x_wconf 88' lang='lat' dir='ltr'><strong>quia</strong></span> <span class='ocrx_word' id='word_1_147' title='bbox 1716 1072 1751 1112; x_wconf 84' lang='lat' dir='ltr'><strong>ex</strong></span> <span class='ocrx_word' id='word_1_148' title='bbox 1766 1034 1987 1122; x_wconf 43' lang='lat' dir='ltr'><strong>Deoestffn‘oa</strong></span> 
     </span>
    </p>
   </div>
   <div class='ocr_carea' id='block_1_11' title="bbox 1232 1147 1993 1927">
    <p class='ocr_par' dir='ltr' id='par_1_11' title="bbox 1233 1147 1988 1477">
     <span class='ocr_line' id='line_1_22' title="bbox 1233 1147 1988 1216; baseline 0.004 -15"><span class='ocrx_word' id='word_1_149' title='bbox 1233 1156 1335 1216; x_wconf 90' lang='lat' dir='ltr'><strong>peceat.</strong></span> <span class='ocrx_word' id='word_1_150' title='bbox 1361 1147 1449 1204; x_wconf 84' lang='lat' dir='ltr'><strong>blolus</strong></span> <span class='ocrx_word' id='word_1_151' title='bbox 1471 1157 1560 1203; x_wconf 87' lang='lat' dir='ltr'><strong>autem</strong></span> <span class='ocrx_word' id='word_1_152' title='bbox 1575 1147 1760 1212; x_wconf 81' lang='lat' dir='ltr'><strong>voluntarius,</strong></span> <span class='ocrx_word' id='word_1_153' title='bbox 1785 1147 1917 1203; x_wconf 88' lang='lat' dir='ltr'><strong>libidinose</strong></span> <span class='ocrx_word' id='word_1_154' title='bbox 1929 1157 1988 1204; x_wconf 84' lang='lat' dir='ltr'><strong>utem</strong></span> 
     </span>
     <span class='ocr_line' id='line_1_23' title="bbox 1233 1235 1988 1308; baseline 0.003 -17"><span class='ocrx_word' id='word_1_155' title='bbox 1233 1247 1345 1293; x_wconf 87' lang='lat' dir='ltr'><strong>naturae</strong></span> <span class='ocrx_word' id='word_1_156' title='bbox 1360 1239 1439 1303; x_wconf 88' lang='lat' dir='ltr'><strong>boue,</strong></span> <span class='ocrx_word' id='word_1_157' title='bbox 1456 1238 1553 1293; x_wconf 88' lang='lat' dir='ltr'><strong>merito</strong></span> <span class='ocrx_word' id='word_1_158' title='bbox 1565 1237 1674 1308; x_wconf 89' lang='lat' dir='ltr'><strong>punitur</strong></span> <span class='ocrx_word' id='word_1_159' title='bbox 1684 1238 1713 1303; x_wconf 83' lang='lat'><strong>⁸,</strong></span> <span class='ocrx_word' id='word_1_160' title='bbox 1731 1235 1795 1306; x_wconf 89' lang='lat' dir='ltr'><strong>quia</strong></span> <span class='ocrx_word' id='word_1_161' title='bbox 1809 1235 1988 1308; x_wconf 81' lang='lat' dir='ltr'><strong>traturaeiegen</strong></span> 
     </span>
     <span class='ocr_line' id='line_1_24' title="bbox 1234 1325 1987 1396; baseline 0.005 -20"><span class='ocrx_word' id='word_1_162' title='bbox 1234 1325 1440 1395; x_wconf 85' lang='lat' dir='ltr'><strong>transgreditur,</strong></span> <span class='ocrx_word' id='word_1_163' title='bbox 1461 1341 1543 1394; x_wconf 71' lang='lat' dir='ltr'><strong>littam</strong></span> <span class='ocrx_word' id='word_1_164' title='bbox 1559 1325 1651 1394; x_wconf 85' lang='lat' dir='ltr'><strong>procul</strong></span> <span class='ocrx_word' id='word_1_165' title='bbox 1666 1325 1750 1379; x_wconf 88' lang='lat' dir='ltr'><strong>dubio</strong></span> <span class='ocrx_word' id='word_1_166' title='bbox 1773 1340 1826 1378; x_wconf 92' lang='lat' dir='ltr'><strong>nort</strong></span> <span class='ocrx_word' id='word_1_167' title='bbox 1841 1327 1987 1396; x_wconf 66' lang='lat' dir='ltr'><strong>transgrede»</strong></span> 
     </span>
     <span class='ocr_line' id='line_1_25' title="bbox 1234 1414 1843 1477; baseline 0.003 -11"><span class='ocrx_word' id='word_1_168' title='bbox 1234 1424 1319 1477; x_wconf 89' lang='lat' dir='ltr'><strong>retur,</strong></span> <span class='ocrx_word' id='word_1_169' title='bbox 1335 1416 1358 1468; x_wconf 91' lang='lat' dir='ltr'><strong>si</strong></span> <span class='ocrx_word' id='word_1_170' title='bbox 1372 1414 1587 1470; x_wconf 77' lang='lat' dir='ltr'><strong>substantialiter</strong></span> <span class='ocrx_word' id='word_1_171' title='bbox 1599 1431 1613 1468; x_wconf 91' lang='lat' dir='ltr'><strong>a</strong></span> <span class='ocrx_word' id='word_1_172' title='bbox 1626 1415 1681 1470; x_wconf 79' lang='lat' dir='ltr'><strong>lieo</strong></span> <span class='ocrx_word' id='word_1_173' title='bbox 1692 1424 1843 1469; x_wconf 86' lang='lat' dir='ltr'><strong>crearetur.</strong></span> 
     </span>
    </p>

    <p class='ocr_par' dir='ltr' id='par_1_12' title="bbox 1232 1502 1993 1927">
     <span class='ocr_line' id='line_1_26' title="bbox 1268 1502 1989 1593; baseline 0.004 -35"><span class='ocrx_word' id='word_1_174' title='bbox 1268 1502 1311 1558; x_wconf 78' lang='lat' dir='ltr'><strong>ll&#39;.</strong></span> <span class='ocrx_word' id='word_1_175' title='bbox 1332 1503 1662 1593; x_wconf 54' lang='lat' dir='ltr'><strong>lupe—athigitur,</strong></span> <span class='ocrx_word' id='word_1_176' title='bbox 1675 1505 1700 1558; x_wconf 93' lang='lat' dir='ltr'><strong>in</strong></span> <span class='ocrx_word' id='word_1_177' title='bbox 1713 1506 1806 1575; x_wconf 85' lang='lat' dir='ltr'><strong>impiis</strong></span> <span class='ocrx_word' id='word_1_178' title='bbox 1821 1504 1938 1574; x_wconf 84' lang='lat' dir='ltr'><strong>supplicia</strong></span> <span class='ocrx_word' id='word_1_179' title='bbox 1950 1521 1989 1561; x_wconf 82' lang='lat' dir='ltr'><strong>riou</strong></span> 
     </span>
     <span class='ocr_line' id='line_1_27' title="bbox 1232 1593 1992 1666; baseline 0.011 -23"><span class='ocrx_word' id='word_1_180' title='bbox 1232 1595 1333 1663; x_wconf 84' lang='lat' dir='ltr'><strong>perpeti</strong></span> <span class='ocrx_word' id='word_1_181' title='bbox 1353 1595 1425 1664; x_wconf 90' lang='lat' dir='ltr'><strong>qnod</strong></span> <span class='ocrx_word' id='word_1_182' title='bbox 1447 1593 1518 1650; x_wconf 84' lang='lat' dir='ltr'><strong>Deus</strong></span> <span class='ocrx_word' id='word_1_183' title='bbox 1538 1594 1613 1659; x_wconf 79' lang='lat' dir='ltr'><strong>feeit,</strong></span> <span class='ocrx_word' id='word_1_184' title='bbox 1628 1596 1676 1650; x_wconf 89' lang='lat' dir='ltr'><strong>sed</strong></span> <span class='ocrx_word' id='word_1_185' title='bbox 1695 1596 1769 1664; x_wconf 87' lang='lat' dir='ltr'><strong>quod</strong></span> <span class='ocrx_word' id='word_1_186' title='bbox 1782 1598 1902 1666; x_wconf 87' lang='lat' dir='ltr'><strong>superbia</strong></span> <span class='ocrx_word' id='word_1_187' title='bbox 1919 1597 1992 1650; x_wconf 80' lang='lat' dir='ltr'><strong>vitiose</strong></span> 
     </span>
     <span class='ocr_line' id='line_1_28' title="bbox 1233 1682 1992 1770; baseline 0 -34"><span class='ocrx_word' id='word_1_188' title='bbox 1233 1684 1343 1737; x_wconf 88' lang='lat' dir='ltr'><strong>iineuit.</strong></span> <span class='ocrx_word' id='word_1_189' title='bbox 1355 1682 1449 1738; x_wconf 82' lang='lat' dir='ltr'><strong>Libido</strong></span> <span class='ocrx_word' id='word_1_190' title='bbox 1457 1683 1592 1770; x_wconf 60' lang='lat' dir='ltr'><strong>Quem</strong></span> <span class='ocrx_word' id='word_1_191' title='bbox 1604 1699 1752 1754; x_wconf 74' lang='lat' dir='ltr'><strong>perversae</strong></span> <span class='ocrx_word' id='word_1_192' title='bbox 1760 1683 1901 1738; x_wconf 78' lang='lat' dir='ltr'><strong>uoluntatis</strong></span> <span class='ocrx_word' id='word_1_193' title='bbox 1912 1687 1992 1738; x_wconf 59' lang='lat' dir='ltr'><strong>ct&#39;rrcia-</strong></span> 
     </span>
     <span class='ocr_line' id='line_1_29' title="bbox 1234 1773 1993 1845; baseline -0.003 -17"><span class='ocrx_word' id='word_1_194' title='bbox 1234 1785 1287 1841; x_wconf 90' lang='lat' dir='ltr'><strong>tur,</strong></span> <span class='ocrx_word' id='word_1_195' title='bbox 1302 1775 1365 1830; x_wconf 79' lang='lat' dir='ltr'><strong>ditm</strong></span> <span class='ocrx_word' id='word_1_196' title='bbox 1379 1789 1422 1842; x_wconf 89' lang='lat' dir='ltr'><strong>ea,</strong></span> <span class='ocrx_word' id='word_1_197' title='bbox 1443 1775 1513 1843; x_wconf 86' lang='lat' dir='ltr'><strong>quae</strong></span> <span class='ocrx_word' id='word_1_198' title='bbox 1527 1774 1597 1829; x_wconf 88' lang='lat' dir='ltr'><strong>male</strong></span> <span class='ocrx_word' id='word_1_199' title='bbox 1609 1783 1655 1828; x_wconf 88' lang='lat' dir='ltr'><strong>aut</strong></span> <span class='ocrx_word' id='word_1_200' title='bbox 1670 1774 1782 1845; x_wconf 88' lang='lat' dir='ltr'><strong>indigne</strong></span> <span class='ocrx_word' id='word_1_201' title='bbox 1792 1773 1899 1843; x_wconf 86' lang='lat' dir='ltr'><strong>appetit,</strong></span> <span class='ocrx_word' id='word_1_202' title='bbox 1916 1773 1993 1827; x_wconf 87' lang='lat' dir='ltr'><strong>habere</strong></span> 
     </span>
     <span class='ocr_line' id='line_1_30' title="bbox 1233 1862 1992 1927; baseline -0.009 -8"><span class='ocrx_word' id='word_1_203' title='bbox 1233 1881 1285 1919; x_wconf 89' lang='lat' dir='ltr'><strong>trau</strong></span> <span class='ocrx_word' id='word_1_204' title='bbox 1306 1864 1424 1918; x_wconf 90' lang='lat' dir='ltr'><strong>sinitur:</strong></span> <span class='ocrx_word' id='word_1_205' title='bbox 1444 1864 1495 1919; x_wconf 88' lang='lat' dir='ltr'><strong>buc</strong></span> <span class='ocrx_word' id='word_1_206' title='bbox 1517 1863 1589 1918; x_wconf 91' lang='lat' dir='ltr'><strong>enim</strong></span> <span class='ocrx_word' id='word_1_207' title='bbox 1610 1863 1731 1927; x_wconf 83' lang='lat' dir='ltr'><strong>notitiae,</strong></span> <span class='ocrx_word' id='word_1_208' title='bbox 1748 1863 1870 1917; x_wconf 83' lang='lat' dir='ltr'><strong>videlicet</strong></span> <span class='ocrx_word' id='word_1_209' title='bbox 1890 1862 1992 1924; x_wconf 71' lang='lat' dir='ltr'><strong>libidinis,</strong></span> 
     </span>
    </p>
   </div>
   <div class='ocr_carea' id='block_1_12' title="bbox 430 1942 1993 2028">
    <p class='ocr_par' dir='ltr' id='par_1_13' title="bbox 430 1942 1993 2028">
     <span class='ocr_line' id='line_1_31' title="bbox 430 1942 1993 2028; baseline -0.008 -12"><span class='ocrx_word' id='word_1_210' title='bbox 430 1962 472 2016; x_wconf 82' lang='grc' dir='ltr'><strong>ΙΙΙ.</strong></span> <span class='ocrx_word' id='word_1_211' title='bbox 492 1962 558 2017; x_wconf 88' lang='lat' dir='ltr'><strong>Cum</strong></span> <span class='ocrx_word' id='word_1_212' title='bbox 575 1963 664 2028; x_wconf 87' lang='lat' dir='ltr'><strong>itaque</strong></span> <span class='ocrx_word' id='word_1_213' title='bbox 677 1960 798 2016; x_wconf 90' lang='lat' dir='ltr'><strong>omnium</strong></span> <span class='ocrx_word' id='word_1_214' title='bbox 809 1959 950 2015; x_wconf 87' lang='lat' dir='ltr'><strong>liorrtinum</strong></span> <span class='ocrx_word' id='word_1_215' title='bbox 966 1961 1121 2016; x_wconf 84' lang='lat' dir='ltr'><strong>ttnircrsam</strong></span> <span class='ocrx_word' id='word_1_216' title='bbox 1135 1976 1181 2014; x_wconf 89' lang='lat' dir='ltr'><strong>na·</strong></span> <span class='ocrx_word' id='word_1_217' title='bbox 1196 1942 1219 2000; x_wconf 75' lang='grc' dir='ltr'><strong>Β</strong></span> <span class='ocrx_word' id='word_1_218' title='bbox 1233 1955 1394 2026; x_wconf 83' lang='lat' dir='ltr'><strong>gotteralitas</strong></span> <span class='ocrx_word' id='word_1_219' title='bbox 1409 1954 1529 2008; x_wconf 89' lang='lat' dir='ltr'><strong>omnium</strong></span> <span class='ocrx_word' id='word_1_220' title='bbox 1543 1952 1670 2007; x_wconf 82' lang='lat' dir='ltr'><strong>vitiorum</strong></span> <span class='ocrx_word' id='word_1_221' title='bbox 1682 1952 1924 2024; x_wconf 83' lang='lat' dir='ltr'><strong>comprehenditur.</strong></span> <span class='ocrx_word' id='word_1_222' title='bbox 1936 1950 1993 2016; x_wconf 76' lang='lat' dir='ltr'><strong>Quod</strong></span> 
     </span>
    </p>
   </div>
   <div class='ocr_carea' id='block_1_13' title="bbox 395 2023 1182 2122">
    <p class='ocr_par' dir='ltr' id='par_1_14' title="bbox 395 2023 1182 2122">
     <span class='ocr_line' id='line_1_32' title="bbox 559 2023 665 2056; baseline 0 -8"><span class='ocrx_word' id='word_1_223' title='bbox 559 2023 665 2056; x_wconf 45' lang='grc' dir='ltr'><strong>μή,</strong></span> 
     </span>
     <span class='ocr_line' id='line_1_33' title="bbox 395 2052 1182 2122; baseline 0.003 -17"><span class='ocrx_word' id='word_1_224' title='bbox 395 2061 483 2107; x_wconf 86' lang='lat' dir='ltr'><strong>turana</strong></span> <span class='ocrx_word' id='word_1_225' title='bbox 508 2053 535 2107; x_wconf 91' lang='lat' dir='ltr'><strong>in</strong></span> <span class='ocrx_word' id='word_1_226' title='bbox 559 2054 646 2122; x_wconf 91' lang='lat' dir='ltr'><strong>primo</strong></span> <span class='ocrx_word' id='word_1_227' title='bbox 660 2053 769 2107; x_wconf 90' lang='lat' dir='ltr'><strong>bomine</strong></span> <span class='ocrx_word' id='word_1_228' title='bbox 792 2052 863 2107; x_wconf 84' lang='lat' dir='ltr'><strong>Deus</strong></span> <span class='ocrx_word' id='word_1_229' title='bbox 883 2052 1071 2118; x_wconf 84' lang='lat' dir='ltr'><strong>eotnliderit,r</strong></span> <span class='ocrx_word' id='word_1_230' title='bbox 1094 2052 1182 2107; x_wconf 89' lang='lat' dir='ltr'><strong>adbuc</strong></span> 
     </span>
    </p>
   </div>
   <div class='ocr_carea' id='block_1_14' title="bbox 392 2140 1182 2737">
    <p class='ocr_par' dir='ltr' id='par_1_15' title="bbox 392 2140 1182 2737">
     <span class='ocr_line' id='line_1_34' title="bbox 393 2140 1180 2213; baseline -0.003 -18"><span class='ocrx_word' id='word_1_231' title='bbox 393 2144 478 2209; x_wconf 82' lang='lat' dir='ltr'><strong>etaim,</strong></span> <span class='ocrx_word' id='word_1_232' title='bbox 495 2143 758 2213; x_wconf 80' lang='lat' dir='ltr'><strong>ntaitdugustiuus,</strong></span> <span class='ocrx_word' id='word_1_233' title='bbox 784 2140 829 2195; x_wconf 81' lang='lat' dir='ltr'><strong>itte</strong></span> <span class='ocrx_word' id='word_1_234' title='bbox 851 2158 922 2197; x_wconf 87' lang='lat' dir='ltr'><strong>tttttts</strong></span> <span class='ocrx_word' id='word_1_235' title='bbox 944 2157 1039 2197; x_wconf 85' lang='lat' dir='ltr'><strong>ornnes</strong></span> <span class='ocrx_word' id='word_1_236' title='bbox 1062 2141 1112 2196; x_wconf 86' lang='lat' dir='ltr'><strong>luit</strong></span> <span class='ocrx_word' id='word_1_237' title='bbox 1128 2153 1139 2181; x_wconf 74' lang='lat'><strong>⁰</strong></span> <span class='ocrx_word' id='word_1_238' title='bbox 1157 2161 1180 2206; x_wconf 81' lang='lat' dir='ltr'><strong>i,</strong></span> 
     </span>
     <span class='ocr_line' id='line_1_35' title="bbox 392 2228 1182 2312; baseline 0.001 -30"><span class='ocrx_word' id='word_1_239' title='bbox 392 2232 466 2299; x_wconf 90' lang='lat' dir='ltr'><strong>quod</strong></span> <span class='ocrx_word' id='word_1_240' title='bbox 488 2232 515 2286; x_wconf 91' lang='lat' dir='ltr'><strong>itt</strong></span> <span class='ocrx_word' id='word_1_241' title='bbox 538 2231 596 2301; x_wconf 89' lang='lat' dir='ltr'><strong>ipso</strong></span> <span class='ocrx_word' id='word_1_242' title='bbox 616 2230 776 2286; x_wconf 87' lang='lat' dir='ltr'><strong>naturaliter</strong></span> <span class='ocrx_word' id='word_1_243' title='bbox 798 2239 916 2285; x_wconf 86' lang='lat' dir='ltr'><strong>creatum</strong></span> <span class='ocrx_word' id='word_1_244' title='bbox 943 2240 1001 2296; x_wconf 88' lang='lat' dir='ltr'><strong>est,</strong></span> <span class='ocrx_word' id='word_1_245' title='bbox 1021 2228 1182 2312; x_wconf 56' lang='lat' dir='ltr'><strong>Quaado</strong></span> 
     </span>
     <span class='ocr_line' id='line_1_36' title="bbox 393 2318 1181 2401; baseline 0 -29"><span class='ocrx_word' id='word_1_246' title='bbox 393 2323 480 2390; x_wconf 88' lang='lat' dir='ltr'><strong>potnit</strong></span> <span class='ocrx_word' id='word_1_247' title='bbox 495 2321 644 2376; x_wconf 86' lang='lat' dir='ltr'><strong>naturalem</strong></span> <span class='ocrx_word' id='word_1_248' title='bbox 661 2323 746 2391; x_wconf 80' lang='lat' dir='ltr'><strong>legem</strong></span> <span class='ocrx_word' id='word_1_249' title='bbox 767 2320 904 2374; x_wconf 85' lang='lat' dir='ltr'><strong>Creatoris</strong></span> <span class='ocrx_word' id='word_1_250' title='bbox 918 2319 1042 2373; x_wconf 85' lang='lat' dir='ltr'><strong>transire.</strong></span> <span class='ocrx_word' id='word_1_251' title='bbox 1059 2318 1181 2401; x_wconf 64' lang='lat' dir='ltr'><strong>Nonjgi-</strong></span> 
     </span>
     <span class='ocr_line' id='line_1_37' title="bbox 394 2406 1181 2478; baseline 0 -17"><span class='ocrx_word' id='word_1_252' title='bbox 394 2421 437 2462; x_wconf 91' lang='lat' dir='ltr'><strong>tur</strong></span> <span class='ocrx_word' id='word_1_253' title='bbox 461 2411 487 2462; x_wconf 93' lang='lat' dir='ltr'><strong>in</strong></span> <span class='ocrx_word' id='word_1_254' title='bbox 507 2411 552 2464; x_wconf 90' lang='lat' dir='ltr'><strong>illo</strong></span> <span class='ocrx_word' id='word_1_255' title='bbox 577 2410 709 2478; x_wconf 83' lang='lat' dir='ltr'><strong>peccarit,</strong></span> <span class='ocrx_word' id='word_1_256' title='bbox 724 2413 795 2478; x_wconf 89' lang='lat' dir='ltr'><strong>quod</strong></span> <span class='ocrx_word' id='word_1_257' title='bbox 819 2409 846 2460; x_wconf 91' lang='lat' dir='ltr'><strong>ia</strong></span> <span class='ocrx_word' id='word_1_258' title='bbox 873 2406 916 2460; x_wconf 88' lang='lat' dir='ltr'><strong>illo</strong></span> <span class='ocrx_word' id='word_1_259' title='bbox 933 2407 1002 2460; x_wconf 80' lang='lat' dir='ltr'><strong>lieris</strong></span> <span class='ocrx_word' id='word_1_260' title='bbox 1016 2408 1118 2460; x_wconf 87' lang='lat' dir='ltr'><strong>crearit</strong></span> <span class='ocrx_word' id='word_1_261' title='bbox 1135 2408 1181 2461; x_wconf 91' lang='lat' dir='ltr'><strong>:r&#39;a</strong></span> 
     </span>
     <span class='ocr_line' id='line_1_38' title="bbox 392 2487 1180 2588; baseline -0.001 -42"><span class='ocrx_word' id='word_1_262' title='bbox 392 2487 444 2565; x_wconf 64' lang='lat' dir='ltr'><strong>qaia</strong></span> <span class='ocrx_word' id='word_1_263' title='bbox 458 2505 545 2549; x_wconf 89' lang='lat' dir='ltr'><strong>tamen</strong></span> <span class='ocrx_word' id='word_1_264' title='bbox 560 2511 649 2547; x_wconf 85' lang='lat' dir='ltr'><strong>omnes</strong></span> <span class='ocrx_word' id='word_1_265' title='bbox 663 2503 831 2562; x_wconf 73' lang='lat' dir='ltr'><strong>peccauerunt</strong></span> <span class='ocrx_word' id='word_1_266' title='bbox 851 2491 879 2556; x_wconf 74' lang='lat' dir='ltr'><strong>d,</strong></span> <span class='ocrx_word' id='word_1_267' title='bbox 895 2492 1060 2588; x_wconf 62' lang='lat' dir='ltr'><strong>Qltee</strong></span> <span class='ocrx_word' id='word_1_268' title='bbox 1080 2493 1105 2545; x_wconf 91' lang='lat' dir='ltr'><strong>iu</strong></span> <span class='ocrx_word' id='word_1_269' title='bbox 1122 2493 1180 2562; x_wconf 90' lang='lat' dir='ltr'><strong>ipso</strong></span> 
     </span>
     <span class='ocr_line' id='line_1_39' title="bbox 392 2581 1181 2650; baseline -0.004 -13"><span class='ocrx_word' id='word_1_270' title='bbox 392 2599 488 2637; x_wconf 80' lang='lat' dir='ltr'><strong>orciuos</strong></span> <span class='ocrx_word' id='word_1_271' title='bbox 510 2583 674 2645; x_wconf 89' lang='lat' dir='ltr'><strong>moriuntur,</strong></span> <span class='ocrx_word' id='word_1_272' title='bbox 695 2588 722 2634; x_wconf 88' lang='lat' dir='ltr'><strong>et</strong></span> <span class='ocrx_word' id='word_1_273' title='bbox 743 2589 938 2648; x_wconf 85' lang='lat' dir='ltr'><strong>eoriseqnenter</strong></span> <span class='ocrx_word' id='word_1_274' title='bbox 951 2596 1046 2635; x_wconf 87' lang='lat' dir='ltr'><strong>orrmes</strong></span> <span class='ocrx_word' id='word_1_275' title='bbox 1064 2581 1181 2650; x_wconf 91' lang='lat' dir='ltr'><strong>puniun-</strong></span> 
     </span>
     <span class='ocr_line' id='line_1_40' title="bbox 395 2668 1180 2737; baseline -0.001 -12"><span class='ocrx_word' id='word_1_276' title='bbox 395 2681 448 2726; x_wconf 86' lang='lat' dir='ltr'><strong>tur.</strong></span> <span class='ocrx_word' id='word_1_277' title='bbox 468 2671 583 2726; x_wconf 86' lang='lat' dir='ltr'><strong>Proinde</strong></span> <span class='ocrx_word' id='word_1_278' title='bbox 609 2668 927 2733; x_wconf 71' lang='lat' dir='ltr'><strong>rectissime⁸creditur,</strong></span> <span class='ocrx_word' id='word_1_279' title='bbox 953 2670 1180 2737; x_wconf 88' lang='lat' dir='ltr'><strong>quemadmodum</strong></span> 
     </span>
    </p>
   </div>
   <div class='ocr_carea' id='block_1_15' title="bbox 1231 2035 1996 2747">
    <p class='ocr_par' dir='ltr' id='par_1_16' title="bbox 1231 2035 1996 2747">
     <span class='ocr_line' id='line_1_41' title="bbox 1233 2035 1994 2114; baseline -0.014 -12"><span class='ocrx_word' id='word_1_280' title='bbox 1233 2045 1364 2102; x_wconf 86' lang='lat' dir='ltr'><strong>sibullam</strong></span> <span class='ocrx_word' id='word_1_281' title='bbox 1377 2053 1501 2097; x_wconf 89' lang='lat' dir='ltr'><strong>uaturatn</strong></span> <span class='ocrx_word' id='word_1_282' title='bbox 1509 2044 1597 2114; x_wconf 89' lang='lat' dir='ltr'><strong>puniri</strong></span> <span class='ocrx_word' id='word_1_283' title='bbox 1611 2043 1680 2096; x_wconf 88' lang='lat' dir='ltr'><strong>ratio</strong></span> <span class='ocrx_word' id='word_1_284' title='bbox 1688 2035 1788 2104; x_wconf 81' lang='lat' dir='ltr'><strong>¹suasit,</strong></span> <span class='ocrx_word' id='word_1_285' title='bbox 1798 2041 1939 2096; x_wconf 81' lang='lat' dir='ltr'><strong>necessario</strong></span> <span class='ocrx_word' id='word_1_286' title='bbox 1949 2038 1994 2092; x_wconf 78' lang='lat' dir='ltr'><strong>uul-</strong></span> 
     </span>
     <span class='ocr_line' id='line_1_42' title="bbox 1233 2129 1995 2204; baseline -0.01 -14"><span class='ocrx_word' id='word_1_287' title='bbox 1233 2135 1286 2190; x_wconf 88' lang='lat' dir='ltr'><strong>lam</strong></span> <span class='ocrx_word' id='word_1_288' title='bbox 1298 2144 1421 2190; x_wconf 89' lang='lat' dir='ltr'><strong>naturam</strong></span> <span class='ocrx_word' id='word_1_289' title='bbox 1442 2135 1537 2203; x_wconf 90' lang='lat' dir='ltr'><strong>punire</strong></span> <span class='ocrx_word' id='word_1_290' title='bbox 1556 2132 1681 2188; x_wconf 86' lang='lat' dir='ltr'><strong>suadebit</strong></span> <span class='ocrx_word' id='word_1_291' title='bbox 1695 2131 1717 2186; x_wconf 83' lang='lat'><strong>&#39;.</strong></span> <span class='ocrx_word' id='word_1_292' title='bbox 1740 2131 1834 2204; x_wconf 84' lang='lat' dir='ltr'><strong>Neque</strong></span> <span class='ocrx_word' id='word_1_293' title='bbox 1855 2129 1920 2184; x_wconf 90' lang='lat' dir='ltr'><strong>enim</strong></span> <span class='ocrx_word' id='word_1_294' title='bbox 1937 2143 1995 2183; x_wconf 85' lang='lat' dir='ltr'><strong>cret-</strong></span> 
     </span>
     <span class='ocr_line' id='line_1_43' title="bbox 1234 2221 1995 2298; baseline -0.009 -19"><span class='ocrx_word' id='word_1_295' title='bbox 1234 2227 1297 2291; x_wconf 81' lang='lat' dir='ltr'><strong>tuix,</strong></span> <span class='ocrx_word' id='word_1_296' title='bbox 1313 2241 1399 2296; x_wconf 83' lang='lat' dir='ltr'><strong>neque</strong></span> <span class='ocrx_word' id='word_1_297' title='bbox 1409 2232 1501 2279; x_wconf 88' lang='lat' dir='ltr'><strong>ereata</strong></span> <span class='ocrx_word' id='word_1_298' title='bbox 1512 2224 1588 2294; x_wconf 90' lang='lat' dir='ltr'><strong>punit</strong></span> <span class='ocrx_word' id='word_1_299' title='bbox 1600 2233 1736 2298; x_wconf 78' lang='lat' dir='ltr'><strong>creatam,</strong></span> <span class='ocrx_word' id='word_1_300' title='bbox 1749 2221 1888 2292; x_wconf 87' lang='lat' dir='ltr'><strong>quianulla</strong></span> <span class='ocrx_word' id='word_1_301' title='bbox 1898 2221 1995 2275; x_wconf 86' lang='lat' dir='ltr'><strong>substau-</strong></span> 
     </span>
     <span class='ocr_line' id='line_1_44' title="bbox 1233 2314 1995 2388; baseline -0.005 -17"><span class='ocrx_word' id='word_1_302' title='bbox 1233 2317 1269 2371; x_wconf 88' lang='lat' dir='ltr'><strong>tia</strong></span> <span class='ocrx_word' id='word_1_303' title='bbox 1283 2316 1394 2371; x_wconf 89' lang='lat' dir='ltr'><strong>alterius</strong></span> <span class='ocrx_word' id='word_1_304' title='bbox 1403 2315 1569 2370; x_wconf 86' lang='lat' dir='ltr'><strong>substantiae</strong></span> <span class='ocrx_word' id='word_1_305' title='bbox 1577 2316 1714 2371; x_wconf 87' lang='lat' dir='ltr'><strong>contraria</strong></span> <span class='ocrx_word' id='word_1_306' title='bbox 1725 2314 1995 2388; x_wconf 55' lang='lat' dir='ltr'><strong>essepotest.diimpin</strong></span> 
     </span>
     <span class='ocr_line' id='line_1_45' title="bbox 1233 2403 1994 2475; baseline -0.005 -15"><span class='ocrx_word' id='word_1_307' title='bbox 1233 2404 1407 2475; x_wconf 82' lang='lat' dir='ltr'><strong>injustissime</strong></span> <span class='ocrx_word' id='word_1_308' title='bbox 1424 2406 1565 2475; x_wconf 89' lang='lat' dir='ltr'><strong>puniretur</strong></span> <span class='ocrx_word' id='word_1_309' title='bbox 1587 2404 1678 2474; x_wconf 88' lang='lat' dir='ltr'><strong>aliqua</strong></span> <span class='ocrx_word' id='word_1_310' title='bbox 1692 2416 1805 2469; x_wconf 85' lang='lat' dir='ltr'><strong>tratura,</strong></span> <span class='ocrx_word' id='word_1_311' title='bbox 1825 2403 1898 2472; x_wconf 77' lang='lat' dir='ltr'><strong>errius</strong></span> <span class='ocrx_word' id='word_1_312' title='bbox 1917 2404 1994 2457; x_wconf 80' lang='lat' dir='ltr'><strong>tuatim</strong></span> 
     </span>
     <span class='ocr_line' id='line_1_46' title="bbox 1232 2494 1995 2565; baseline -0.001 -17"><span class='ocrx_word' id='word_1_313' title='bbox 1232 2496 1357 2548; x_wconf 85' lang='lat' dir='ltr'><strong>uieritum</strong></span> <span class='ocrx_word' id='word_1_314' title='bbox 1378 2511 1430 2550; x_wconf 92' lang='lat' dir='ltr'><strong>uon</strong></span> <span class='ocrx_word' id='word_1_315' title='bbox 1449 2495 1622 2565; x_wconf 84' lang='lat' dir='ltr'><strong>praecederet</strong></span> <span class='ocrx_word' id='word_1_316' title='bbox 1636 2504 1814 2550; x_wconf 91' lang='lat' dir='ltr'><strong>tormentum.</strong></span> <span class='ocrx_word' id='word_1_317' title='bbox 1835 2494 1906 2561; x_wconf 79' lang='lat' dir='ltr'><strong>Quod</strong></span> <span class='ocrx_word' id='word_1_318' title='bbox 1916 2503 1995 2564; x_wconf 62' lang='lat' dir='ltr'><strong>,mere</strong></span> 
     </span>
     <span class='ocr_line' id='line_1_47' title="bbox 1231 2586 1996 2657; baseline 0.001 -18"><span class='ocrx_word' id='word_1_319' title='bbox 1231 2586 1430 2654; x_wconf 75' lang='lat' dir='ltr'><strong>litigastinnsia</strong></span> <span class='ocrx_word' id='word_1_320' title='bbox 1442 2603 1488 2642; x_wconf 90' lang='lat' dir='ltr'><strong>sua</strong></span> <span class='ocrx_word' id='word_1_321' title='bbox 1497 2587 1635 2657; x_wconf 86' lang='lat' dir='ltr'><strong>praedicta</strong></span> <span class='ocrx_word' id='word_1_322' title='bbox 1648 2588 1874 2643; x_wconf 84' lang='lat' dir='ltr'><strong>sententiarolnit</strong></span> <span class='ocrx_word' id='word_1_323' title='bbox 1885 2587 1996 2642; x_wconf 86' lang='lat' dir='ltr'><strong>declarare</strong></span> 
     </span>
     <span class='ocr_line' id='line_1_48' title="bbox 1231 2676 1996 2747; baseline -0.005 -16"><span class='ocrx_word' id='word_1_324' title='bbox 1231 2676 1341 2733; x_wconf 86' lang='lat' dir='ltr'><strong>dicens:</strong></span> <span class='ocrx_word' id='word_1_325' title='bbox 1359 2677 1496 2733; x_wconf 74' lang='lat' dir='ltr'><strong>‹institiae</strong></span> <span class='ocrx_word' id='word_1_326' title='bbox 1510 2678 1559 2747; x_wconf 91' lang='lat' dir='ltr'><strong>ipsi</strong></span> <span class='ocrx_word' id='word_1_327' title='bbox 1567 2694 1628 2734; x_wconf 89' lang='lat' dir='ltr'><strong>esse</strong></span> <span class='ocrx_word' id='word_1_328' title='bbox 1637 2679 1818 2743; x_wconf 89' lang='lat' dir='ltr'><strong>eontrarium,</strong></span> <span class='ocrx_word' id='word_1_329' title='bbox 1828 2677 1927 2732; x_wconf 91' lang='lat' dir='ltr'><strong>utnulla</strong></span> <span class='ocrx_word' id='word_1_330' title='bbox 1937 2692 1996 2745; x_wconf 80' lang='lat' dir='ltr'><strong>prae</strong></span> 
     </span>
    </p>
   </div>
   <div class='ocr_carea' id='block_1_16' title="bbox 393 2729 1997 3290">
    <p class='ocr_par' dir='ltr' id='par_1_17' title="bbox 393 2729 1997 3290">
     <span class='ocr_line' id='line_1_49' title="bbox 394 2729 1995 2837; baseline 0.001 -23"><span class='ocrx_word' id='word_1_331' title='bbox 394 2761 421 2815; x_wconf 90' lang='lat' dir='ltr'><strong>in</strong></span> <span class='ocrx_word' id='word_1_332' title='bbox 438 2729 570 2814; x_wconf 54' lang='lat' dir='ltr'><strong>illubens</strong></span> <span class='ocrx_word' id='word_1_333' title='bbox 587 2758 740 2831; x_wconf 76' lang='lat' dir='ltr'><strong>generalem</strong></span> <span class='ocrx_word' id='word_1_334' title='bbox 757 2759 866 2812; x_wconf 78' lang='lat' dir='ltr'><strong>{turriani</strong></span> <span class='ocrx_word' id='word_1_335' title='bbox 889 2758 997 2829; x_wconf 90' lang='lat' dir='ltr'><strong>generis</strong></span> <span class='ocrx_word' id='word_1_336' title='bbox 1015 2773 1111 2814; x_wconf 90' lang='lat' dir='ltr'><strong>creare</strong></span> <span class='ocrx_word' id='word_1_337' title='bbox 1135 2774 1182 2813; x_wconf 82' lang='grc' dir='ltr'><strong>το-</strong></span> <span class='ocrx_word' id='word_1_338' title='bbox 1232 2764 1345 2820; x_wconf 82' lang='grc' dir='ltr'>εετΙεττιε</span> <span class='ocrx_word' id='word_1_339' title='bbox 1360 2766 1457 2820; x_wconf 87' lang='lat' dir='ltr'><strong>rnerito</strong></span> <span class='ocrx_word' id='word_1_340' title='bbox 1469 2767 1521 2820; x_wconf 87' lang='lat' dir='ltr'><strong>boe</strong></span> <span class='ocrx_word' id='word_1_341' title='bbox 1536 2766 1621 2835; x_wconf 90' lang='lat' dir='ltr'><strong>ipsum</strong></span> <span class='ocrx_word' id='word_1_342' title='bbox 1638 2767 1664 2821; x_wconf 92' lang='lat' dir='ltr'><strong>irr</strong></span> <span class='ocrx_word' id='word_1_343' title='bbox 1687 2782 1800 2837; x_wconf 89' lang='lat' dir='ltr'><strong>quoque</strong></span> <span class='ocrx_word' id='word_1_344' title='bbox 1812 2769 1879 2822; x_wconf 83' lang='lat' dir='ltr'><strong>licus</strong></span> <span class='ocrx_word' id='word_1_345' title='bbox 1899 2766 1995 2829; x_wconf 87' lang='lat' dir='ltr'><strong>dammt,</strong></span> 
     </span>
     <span class='ocr_line' id='line_1_50' title="bbox 394 2841 1996 2923; baseline 0.002 -21"><span class='ocrx_word' id='word_1_346' title='bbox 394 2850 444 2903; x_wconf 87' lang='lat' dir='ltr'><strong>luit</strong></span> <span class='ocrx_word' id='word_1_347' title='bbox 455 2847 646 2912; x_wconf 82' lang='lat' dir='ltr'><strong>substantiam,</strong></span> <span class='ocrx_word' id='word_1_348' title='bbox 661 2849 697 2901; x_wconf 87' lang='lat' dir='ltr'><strong>ita</strong></span> <span class='ocrx_word' id='word_1_349' title='bbox 713 2857 740 2903; x_wconf 90' lang='lat' dir='ltr'><strong>et</strong></span> <span class='ocrx_word' id='word_1_350' title='bbox 755 2848 875 2901; x_wconf 89' lang='lat' dir='ltr'><strong>onmium</strong></span> <span class='ocrx_word' id='word_1_351' title='bbox 888 2847 1026 2902; x_wconf 89' lang='lat' dir='ltr'><strong>bomimtnr</strong></span> <span class='ocrx_word' id='word_1_352' title='bbox 1039 2848 1179 2918; x_wconf 88' lang='lat' dir='ltr'><strong>propriam</strong></span> <span class='ocrx_word' id='word_1_353' title='bbox 1232 2853 1304 2922; x_wconf 91' lang='lat' dir='ltr'><strong>quod</strong></span> <span class='ocrx_word' id='word_1_354' title='bbox 1316 2852 1341 2905; x_wconf 90' lang='lat' dir='ltr'><strong>in</strong></span> <span class='ocrx_word' id='word_1_355' title='bbox 1351 2841 1456 2923; x_wconf 60' lang='lat' dir='ltr'><strong>{eipso</strong></span> <span class='ocrx_word' id='word_1_356' title='bbox 1470 2855 1574 2908; x_wconf 85' lang='lat' dir='ltr'><strong>crearit</strong></span> <span class='ocrx_word' id='word_1_357' title='bbox 1585 2853 1608 2886; x_wconf 76' lang='lat'><strong>¹·</strong></span> <span class='ocrx_word' id='word_1_358' title='bbox 1624 2872 1647 2907; x_wconf 86' lang='grc' dir='ltr'><strong>τ.</strong></span> <span class='ocrx_word' id='word_1_359' title='bbox 1663 2853 1743 2921; x_wconf 87' lang='lat' dir='ltr'><strong>Quae</strong></span> <span class='ocrx_word' id='word_1_360' title='bbox 1755 2857 1825 2910; x_wconf 89' lang='lat' dir='ltr'><strong>ratio</strong></span> <span class='ocrx_word' id='word_1_361' title='bbox 1839 2853 1996 2910; x_wconf 80' lang='lat' dir='ltr'><strong>ltinemtsirue</strong></span> 
     </span>
     <span class='ocr_line' id='line_1_51' title="bbox 393 2937 1997 3014; baseline 0.001 -20"><span class='ocrx_word' id='word_1_362' title='bbox 393 2938 532 2994; x_wconf 80' lang='lat' dir='ltr'><strong>substituit</strong></span> <span class='ocrx_word' id='word_1_363' title='bbox 556 2938 732 2993; x_wconf 85' lang='lat' dir='ltr'><strong>volantatem.</strong></span> <span class='ocrx_word' id='word_1_364' title='bbox 757 2937 785 2993; x_wconf 91' lang='lat' dir='ltr'><strong>Si</strong></span> <span class='ocrx_word' id='word_1_365' title='bbox 809 2938 880 2993; x_wconf 90' lang='lat' dir='ltr'><strong>enim</strong></span> <span class='ocrx_word' id='word_1_366' title='bbox 904 2938 930 2992; x_wconf 92' lang='lat' dir='ltr'><strong>in</strong></span> <span class='ocrx_word' id='word_1_367' title='bbox 953 2955 1006 2993; x_wconf 82' lang='lat' dir='ltr'><strong>uiro</strong></span> <span class='ocrx_word' id='word_1_368' title='bbox 1028 2939 1181 2995; x_wconf 86' lang='lat' dir='ltr'><strong>eommunis</strong></span> <span class='ocrx_word' id='word_1_369' title='bbox 1231 2943 1370 3012; x_wconf 75' lang='lat' dir='ltr'><strong>prolatus,</strong></span> <span class='ocrx_word' id='word_1_370' title='bbox 1391 2944 1571 3011; x_wconf 86' lang='lat' dir='ltr'><strong>quodtrullius</strong></span> <span class='ocrx_word' id='word_1_371' title='bbox 1585 2946 1686 3014; x_wconf 86' lang='lat' dir='ltr'><strong>peceati</strong></span> <span class='ocrx_word' id='word_1_372' title='bbox 1701 2946 1862 3010; x_wconf 84' lang='lat' dir='ltr'><strong>auctoritas,</strong></span> <span class='ocrx_word' id='word_1_373' title='bbox 1881 2945 1926 3000; x_wconf 87' lang='lat' dir='ltr'><strong>uisi</strong></span> <span class='ocrx_word' id='word_1_374' title='bbox 1939 2959 1997 2998; x_wconf 85' lang='lat' dir='ltr'><strong>inea·</strong></span> 
     </span>
     <span class='ocr_line' id='line_1_52' title="bbox 393 3029 1996 3102; baseline -0.001 -18"><span class='ocrx_word' id='word_1_375' title='bbox 393 3029 564 3095; x_wconf 67' lang='lat' dir='ltr'><strong>emmanuet</strong></span> <span class='ocrx_word' id='word_1_376' title='bbox 578 3029 738 3100; x_wconf 86' lang='lat' dir='ltr'><strong>corporalis,</strong></span> <span class='ocrx_word' id='word_1_377' title='bbox 750 3038 777 3084; x_wconf 90' lang='lat' dir='ltr'><strong>et</strong></span> <span class='ocrx_word' id='word_1_378' title='bbox 791 3029 940 3100; x_wconf 86' lang='lat' dir='ltr'><strong>spiritualis</strong></span> <span class='ocrx_word' id='word_1_379' title='bbox 954 3043 1068 3087; x_wconf 87' lang='lat' dir='ltr'><strong>naturae</strong></span> <span class='ocrx_word' id='word_1_380' title='bbox 1083 3033 1179 3086; x_wconf 81' lang='lat' dir='ltr'><strong>laurita·</strong></span> <span class='ocrx_word' id='word_1_381' title='bbox 1232 3030 1374 3087; x_wconf 88' lang='lat' dir='ltr'><strong>dosissime</strong></span> <span class='ocrx_word' id='word_1_382' title='bbox 1387 3031 1608 3102; x_wconf 82' lang='lat' dir='ltr'><strong>impiissimeque,</strong></span> <span class='ocrx_word' id='word_1_383' title='bbox 1625 3033 1658 3087; x_wconf 89' lang='lat' dir='ltr'><strong>ad</strong></span> <span class='ocrx_word' id='word_1_384' title='bbox 1674 3033 1762 3088; x_wconf 83' lang='lat' dir='ltr'><strong>Deum</strong></span> <span class='ocrx_word' id='word_1_385' title='bbox 1778 3034 1889 3088; x_wconf 79' lang='lat' dir='ltr'><strong>refertur</strong></span> <span class='ocrx_word' id='word_1_386' title='bbox 1902 3035 1930 3085; x_wconf 83' lang='lat'><strong>¹¹.</strong></span> <span class='ocrx_word' id='word_1_387' title='bbox 1944 3029 1996 3083; x_wconf 81' lang='lat' dir='ltr'><strong>dtsi</strong></span> 
     </span>
     <span class='ocr_line' id='line_1_53' title="bbox 393 3120 1997 3194; baseline -0.001 -19"><span class='ocrx_word' id='word_1_388' title='bbox 393 3137 445 3175; x_wconf 87' lang='lat' dir='ltr'><strong>nae</strong></span> <span class='ocrx_word' id='word_1_389' title='bbox 456 3120 593 3190; x_wconf 83' lang='lat' dir='ltr'><strong>plenitudo</strong></span> <span class='ocrx_word' id='word_1_390' title='bbox 607 3120 642 3174; x_wconf 87' lang='lat' dir='ltr'><strong>sit</strong></span> <span class='ocrx_word' id='word_1_391' title='bbox 655 3121 812 3184; x_wconf 87' lang='lat' dir='ltr'><strong>constituta,</strong></span> <span class='ocrx_word' id='word_1_392' title='bbox 827 3121 979 3176; x_wconf 87' lang='lat' dir='ltr'><strong>necessarie</strong></span> <span class='ocrx_word' id='word_1_393' title='bbox 991 3122 1015 3176; x_wconf 91' lang='lat' dir='ltr'><strong>ei</strong></span> <span class='ocrx_word' id='word_1_394' title='bbox 1027 3124 1113 3177; x_wconf 86' lang='lat' dir='ltr'><strong>iuerat</strong></span> <span class='ocrx_word' id='word_1_395' title='bbox 1125 3121 1180 3177; x_wconf 91' lang='lat' dir='ltr'><strong>siu-</strong></span> <span class='ocrx_word' id='word_1_396' title='bbox 1231 3128 1371 3189; x_wconf 89' lang='lat' dir='ltr'><strong>peceatum</strong></span> <span class='ocrx_word' id='word_1_397' title='bbox 1386 3134 1420 3174; x_wconf 82' lang='lat' dir='ltr'><strong>ex</strong></span> <span class='ocrx_word' id='word_1_398' title='bbox 1435 3128 1541 3185; x_wconf 89' lang='lat' dir='ltr'><strong>natura,</strong></span> <span class='ocrx_word' id='word_1_399' title='bbox 1555 3131 1650 3175; x_wconf 74' lang='lat' dir='ltr'><strong>nauare</strong></span> <span class='ocrx_word' id='word_1_400' title='bbox 1665 3132 1761 3178; x_wconf 87' lang='lat' dir='ltr'><strong>autern</strong></span> <span class='ocrx_word' id='word_1_401' title='bbox 1776 3139 1809 3178; x_wconf 80' lang='lat' dir='ltr'><strong>ex</strong></span> <span class='ocrx_word' id='word_1_402' title='bbox 1823 3125 1885 3188; x_wconf 82' lang='lat' dir='ltr'><strong>beo,</strong></span> <span class='ocrx_word' id='word_1_403' title='bbox 1898 3121 1997 3194; x_wconf 86' lang='lat' dir='ltr'><strong>proiecto</strong></span> 
     </span>
     <span class='ocr_line' id='line_1_54' title="bbox 393 3211 1996 3290; baseline 0.002 -25"><span class='ocrx_word' id='word_1_404' title='bbox 393 3212 516 3284; x_wconf 89' lang='lat' dir='ltr'><strong>gaiorum</strong></span> <span class='ocrx_word' id='word_1_405' title='bbox 531 3212 655 3266; x_wconf 76' lang='lat' dir='ltr'><strong>uoluntas</strong></span> <span class='ocrx_word' id='word_1_406' title='bbox 666 3212 784 3282; x_wconf 90' lang='lat' dir='ltr'><strong>propria.</strong></span> <span class='ocrx_word' id='word_1_407' title='bbox 801 3211 859 3266; x_wconf 93' lang='lat' dir='ltr'><strong>Non</strong></span> <span class='ocrx_word' id='word_1_408' title='bbox 872 3213 915 3266; x_wconf 75' lang='lat' dir='ltr'><strong>iun</strong></span> <span class='ocrx_word' id='word_1_409' title='bbox 929 3229 962 3267; x_wconf 94' lang='lat' dir='ltr'><strong>ue</strong></span> <span class='ocrx_word' id='word_1_410' title='bbox 975 3214 1001 3267; x_wconf 91' lang='lat' dir='ltr'><strong>iu</strong></span> <span class='ocrx_word' id='word_1_411' title='bbox 1014 3229 1046 3268; x_wconf 86' lang='lat' dir='ltr'><strong>eo</strong></span> <span class='ocrx_word' id='word_1_412' title='bbox 1058 3213 1178 3283; x_wconf 81' lang='lat' dir='ltr'><strong>peccarit</strong></span> <span class='ocrx_word' id='word_1_413' title='bbox 1233 3223 1372 3281; x_wconf 89' lang='lat' dir='ltr'><strong>peceatum</strong></span> <span class='ocrx_word' id='word_1_414' title='bbox 1382 3229 1414 3268; x_wconf 84' lang='lat' dir='ltr'><strong>ex</strong></span> <span class='ocrx_word' id='word_1_415' title='bbox 1422 3214 1476 3268; x_wconf 80' lang='lat' dir='ltr'><strong>lieo</strong></span> <span class='ocrx_word' id='word_1_416' title='bbox 1487 3230 1547 3290; x_wconf 87' lang='lat' dir='ltr'><strong>esse</strong></span> <span class='ocrx_word' id='word_1_417' title='bbox 1556 3228 1726 3285; x_wconf 85' lang='lat' dir='ltr'><strong>sequeretur.</strong></span> <span class='ocrx_word' id='word_1_418' title='bbox 1738 3218 1814 3285; x_wconf 83' lang='lat' dir='ltr'><strong>Quod</strong></span> <span class='ocrx_word' id='word_1_419' title='bbox 1822 3219 1888 3290; x_wconf 73' lang='lat' dir='ltr'><strong>:ibsit</strong></span> <span class='ocrx_word' id='word_1_420' title='bbox 1897 3233 1941 3270; x_wconf 83' lang='lat' dir='ltr'><strong>run</strong></span> <span class='ocrx_word' id='word_1_421' title='bbox 1949 3229 1996 3269; x_wconf 86' lang='lat' dir='ltr'><strong>cre·</strong></span> 
     </span>
    </p>
   </div>
   <div class='ocr_carea' id='block_1_17' title="bbox 395 3295 1994 3378">
    <p class='ocr_par' dir='ltr' id='par_1_18' title="bbox 395 3295 1994 3378">
     <span class='ocr_line' id='line_1_55' title="bbox 395 3295 1994 3378; baseline 0 -21"><span class='ocrx_word' id='word_1_422' title='bbox 395 3313 508 3357; x_wconf 90' lang='lat' dir='ltr'><strong>naturae</strong></span> <span class='ocrx_word' id='word_1_423' title='bbox 533 3300 711 3373; x_wconf 86' lang='lat' dir='ltr'><strong>generalitas,</strong></span> <span class='ocrx_word' id='word_1_424' title='bbox 741 3301 787 3356; x_wconf 88' lang='lat' dir='ltr'><strong>sed</strong></span> <span class='ocrx_word' id='word_1_425' title='bbox 809 3301 1018 3373; x_wconf 83' lang='lat' dir='ltr'><strong>uniuscnjusque</strong></span> <span class='ocrx_word' id='word_1_426' title='bbox 1043 3303 1179 3357; x_wconf 77' lang='lat' dir='ltr'><strong>indiuidua</strong></span> <span class='ocrx_word' id='word_1_427' title='bbox 1194 3295 1216 3356; x_wconf 86' lang='lat' dir='ltr'>C</span> <span class='ocrx_word' id='word_1_428' title='bbox 1232 3301 1305 3366; x_wconf 92' lang='lat' dir='ltr'><strong>dere,</strong></span> <span class='ocrx_word' id='word_1_429' title='bbox 1317 3310 1363 3356; x_wconf 91' lang='lat' dir='ltr'><strong>aut</strong></span> <span class='ocrx_word' id='word_1_430' title='bbox 1374 3301 1547 3359; x_wconf 81' lang='lat' dir='ltr'><strong>{alsissimum</strong></span> <span class='ocrx_word' id='word_1_431' title='bbox 1565 3304 1639 3359; x_wconf 93' lang='lat' dir='ltr'><strong>illum</strong></span> <span class='ocrx_word' id='word_1_432' title='bbox 1655 3306 1867 3378; x_wconf 80' lang='lat' dir='ltr'><strong>paralogismum</strong></span> <span class='ocrx_word' id='word_1_433' title='bbox 1886 3306 1994 3374; x_wconf 85' lang='lat' dir='ltr'><strong>accipere,</strong></span> 
     </span>
    </p>
   </div>
   <div class='ocr_carea' id='block_1_18' title="bbox 392 3392 1182 3651">
    <p class='ocr_par' dir='ltr' id='par_1_19' title="bbox 392 3392 1182 3651">
     <span class='ocr_line' id='line_1_56' title="bbox 393 3392 1178 3463; baseline 0.005 -18"><span class='ocrx_word' id='word_1_434' title='bbox 393 3394 517 3449; x_wconf 85' lang='lat' dir='ltr'><strong>voluntas</strong></span> <span class='ocrx_word' id='word_1_435' title='bbox 526 3393 547 3446; x_wconf 79' lang='lat'><strong>⁸.</strong></span> <span class='ocrx_word' id='word_1_436' title='bbox 564 3405 576 3431; x_wconf 64' lang='grc' dir='ltr'>ε</span> <span class='ocrx_word' id='word_1_437' title='bbox 589 3392 725 3461; x_wconf 87' lang='lat' dir='ltr'><strong>Siquidem</strong></span> <span class='ocrx_word' id='word_1_438' title='bbox 741 3393 763 3446; x_wconf 89' lang='lat' dir='ltr'><strong>si</strong></span> <span class='ocrx_word' id='word_1_439' title='bbox 776 3408 807 3446; x_wconf 90' lang='lat' dir='ltr'><strong>ea</strong></span> <span class='ocrx_word' id='word_1_440' title='bbox 822 3402 917 3446; x_wconf 91' lang='lat' dir='ltr'><strong>natura</strong></span> <span class='ocrx_word' id='word_1_441' title='bbox 928 3394 1105 3463; x_wconf 86' lang='lat' dir='ltr'><strong>delinqueret,</strong></span> <span class='ocrx_word' id='word_1_442' title='bbox 1117 3410 1178 3449; x_wconf 91' lang='lat' dir='ltr'><strong>enm</strong></span> 
     </span>
     <span class='ocr_line' id='line_1_57' title="bbox 394 3460 1179 3553; baseline 0.003 -16"><span class='ocrx_word' id='word_1_443' title='bbox 394 3499 448 3537; x_wconf 87' lang='lat' dir='ltr'><strong>rina</strong></span> <span class='ocrx_word' id='word_1_444' title='bbox 471 3483 517 3549; x_wconf 90' lang='lat' dir='ltr'><strong>sit,</strong></span> <span class='ocrx_word' id='word_1_445' title='bbox 540 3460 730 3551; x_wconf 66' lang='lat' dir='ltr'><strong>rotaprbideia</strong></span> <span class='ocrx_word' id='word_1_446' title='bbox 747 3483 850 3551; x_wconf 89' lang='lat' dir='ltr'><strong>periret</strong></span> <span class='ocrx_word' id='word_1_447' title='bbox 862 3480 880 3533; x_wconf 82' lang='lat'><strong>⁸.</strong></span> <span class='ocrx_word' id='word_1_448' title='bbox 905 3482 983 3537; x_wconf 74' lang='lat' dir='ltr'><strong>‘Sed</strong></span> <span class='ocrx_word' id='word_1_449' title='bbox 1006 3500 1059 3537; x_wconf 90' lang='lat' dir='ltr'><strong>mm</strong></span> <span class='ocrx_word' id='word_1_450' title='bbox 1083 3484 1179 3553; x_wconf 87' lang='lat' dir='ltr'><strong>periit,</strong></span> 
     </span>
     <span class='ocr_line' id='line_1_58' title="bbox 392 3572 1182 3651; baseline 0.003 -24"><span class='ocrx_word' id='word_1_451' title='bbox 392 3575 503 3644; x_wconf 68' lang='lat' dir='ltr'><strong>quamdo</strong></span> <span class='ocrx_word' id='word_1_452' title='bbox 529 3574 754 3628; x_wconf 84' lang='lat' dir='ltr'><strong>medicamentum</strong></span> <span class='ocrx_word' id='word_1_453' title='bbox 776 3572 905 3639; x_wconf 77' lang='lat' dir='ltr'><strong>uulneris,</strong></span> <span class='ocrx_word' id='word_1_454' title='bbox 925 3575 1042 3651; x_wconf 51' lang='grc' dir='ltr'><strong>ωε</strong></span> <span class='ocrx_word' id='word_1_455' title='bbox 1058 3576 1182 3630; x_wconf 90' lang='lat' dir='ltr'><strong>snbstan-</strong></span> 
     </span>
    </p>
   </div>
   <div class='ocr_carea' id='block_1_19' title="bbox 305 3662 1180 3742">
    <p class='ocr_par' dir='ltr' id='par_1_20' title="bbox 305 3662 1180 3742">
     <span class='ocr_line' id='line_1_59' title="bbox 305 3662 1180 3742; baseline 0 -25"><span class='ocrx_word' id='word_1_456' title='bbox 305 3733 309 3742; x_wconf 23' lang='grc' dir='ltr'><strong>ν</strong></span> <span class='ocrx_word' id='word_1_457' title='bbox 394 3665 432 3718; x_wconf 87' lang='lat' dir='ltr'><strong>tia</strong></span> <span class='ocrx_word' id='word_1_458' title='bbox 447 3663 647 3733; x_wconf 83' lang='lat' dir='ltr'><strong>liedeutptoris,</strong></span> <span class='ocrx_word' id='word_1_459' title='bbox 662 3662 688 3717; x_wconf 91' lang='lat' dir='ltr'><strong>in</strong></span> <span class='ocrx_word' id='word_1_460' title='bbox 701 3677 732 3716; x_wconf 88' lang='lat' dir='ltr'><strong>ea</strong></span> <span class='ocrx_word' id='word_1_461' title='bbox 749 3662 1083 3733; x_wconf 85' lang='lat' dir='ltr'><strong>rentansitineorruptum,</strong></span> <span class='ocrx_word' id='word_1_462' title='bbox 1098 3678 1180 3733; x_wconf 89' lang='lat' dir='ltr'><strong>prae·</strong></span> 
     </span>
    </p>
   </div>
   <div class='ocr_carea' id='block_1_20' title="bbox 392 3751 1181 4001">
    <p class='ocr_par' dir='ltr' id='par_1_21' title="bbox 392 3751 1181 4001">
     <span class='ocr_line' id='line_1_60' title="bbox 394 3751 1181 3822; baseline 0 -16"><span class='ocrx_word' id='word_1_463' title='bbox 394 3764 435 3809; x_wconf 80' lang='lat' dir='ltr'><strong>rer</strong></span> <span class='ocrx_word' id='word_1_464' title='bbox 456 3753 527 3822; x_wconf 91' lang='lat' dir='ltr'><strong>quod</strong></span> <span class='ocrx_word' id='word_1_465' title='bbox 544 3759 832 3821; x_wconf 86' lang='lat' dir='ltr'><strong>ornnespecearerunt</strong></span> <span class='ocrx_word' id='word_1_466' title='bbox 851 3751 929 3806; x_wconf 90' lang='lat' dir='ltr'><strong>simul</strong></span> <span class='ocrx_word' id='word_1_467' title='bbox 950 3751 976 3805; x_wconf 89' lang='lat' dir='ltr'><strong>iu</strong></span> <span class='ocrx_word' id='word_1_468' title='bbox 993 3767 1046 3806; x_wconf 91' lang='lat' dir='ltr'><strong>utro</strong></span> <span class='ocrx_word' id='word_1_469' title='bbox 1063 3752 1181 3806; x_wconf 88' lang='lat' dir='ltr'><strong>bomine.</strong></span> 
     </span>
     <span class='ocr_line' id='line_1_61' title="bbox 392 3840 1181 3912; baseline -0.005 -13"><span class='ocrx_word' id='word_1_470' title='bbox 392 3844 451 3899; x_wconf 92' lang='lat' dir='ltr'><strong>Non</strong></span> <span class='ocrx_word' id='word_1_471' title='bbox 473 3844 545 3898; x_wconf 90' lang='lat' dir='ltr'><strong>euim</strong></span> <span class='ocrx_word' id='word_1_472' title='bbox 570 3842 614 3896; x_wconf 91' lang='lat' dir='ltr'><strong>ille</strong></span> <span class='ocrx_word' id='word_1_473' title='bbox 637 3841 758 3912; x_wconf 85' lang='lat' dir='ltr'><strong>peccavit</strong></span> <span class='ocrx_word' id='word_1_474' title='bbox 778 3840 803 3893; x_wconf 90' lang='lat' dir='ltr'><strong>iu</strong></span> <span class='ocrx_word' id='word_1_475' title='bbox 825 3840 965 3904; x_wconf 78' lang='lat' dir='ltr'><strong>outuibtu,</strong></span> <span class='ocrx_word' id='word_1_476' title='bbox 980 3841 1027 3895; x_wconf 89' lang='lat' dir='ltr'><strong>sed</strong></span> <span class='ocrx_word' id='word_1_477' title='bbox 1045 3856 1139 3896; x_wconf 85' lang='lat' dir='ltr'><strong>omnes</strong></span> <span class='ocrx_word' id='word_1_478' title='bbox 1155 3842 1181 3895; x_wconf 89' lang='lat' dir='ltr'><strong>iu</strong></span> 
     </span>
     <span class='ocr_line' id='line_1_62' title="bbox 392 3930 1179 4001; baseline -0.004 -15"><span class='ocrx_word' id='word_1_479' title='bbox 392 3932 469 3986; x_wconf 74' lang='lat' dir='ltr'><strong>illoi.</strong></span> <span class='ocrx_word' id='word_1_480' title='bbox 489 3931 564 3987; x_wconf 84' lang='lat' dir='ltr'><strong>Siout</strong></span> <span class='ocrx_word' id='word_1_481' title='bbox 576 3931 647 3986; x_wconf 90' lang='lat' dir='ltr'><strong>euim</strong></span> <span class='ocrx_word' id='word_1_482' title='bbox 662 3930 705 3985; x_wconf 90' lang='lat' dir='ltr'><strong>ille</strong></span> <span class='ocrx_word' id='word_1_483' title='bbox 727 3930 992 4001; x_wconf 87' lang='lat' dir='ltr'><strong>babebatpropriam</strong></span> <span class='ocrx_word' id='word_1_484' title='bbox 1005 3930 1179 3998; x_wconf 77' lang='lat' dir='ltr'><strong>uoluntatem,</strong></span> 
     </span>
    </p>
   </div>
   <div class='ocr_carea' id='block_1_21' title="bbox 1231 3392 1997 4005">
    <p class='ocr_par' dir='ltr' id='par_1_22' title="bbox 1231 3392 1997 4005">
     <span class='ocr_line' id='line_1_63' title="bbox 1232 3392 1996 3465; baseline 0.007 -19"><span class='ocrx_word' id='word_1_485' title='bbox 1232 3393 1276 3462; x_wconf 87' lang='lat' dir='ltr'><strong>qai</strong></span> <span class='ocrx_word' id='word_1_486' title='bbox 1292 3392 1331 3447; x_wconf 89' lang='lat' dir='ltr'><strong>sie</strong></span> <span class='ocrx_word' id='word_1_487' title='bbox 1343 3392 1409 3448; x_wconf 83' lang='lat' dir='ltr'><strong>luiso</strong></span> <span class='ocrx_word' id='word_1_488' title='bbox 1418 3394 1553 3465; x_wconf 87' lang='lat' dir='ltr'><strong>colligitur</strong></span> <span class='ocrx_word' id='word_1_489' title='bbox 1567 3413 1574 3447; x_wconf 80' lang='lat' dir='ltr'><strong>r</strong></span> <span class='ocrx_word' id='word_1_490' title='bbox 1591 3397 1685 3451; x_wconf 84' lang='lat' dir='ltr'><strong>Omnis</strong></span> <span class='ocrx_word' id='word_1_491' title='bbox 1698 3408 1800 3453; x_wconf 83' lang='lat' dir='ltr'><strong>natura</strong></span> <span class='ocrx_word' id='word_1_492' title='bbox 1815 3414 1848 3452; x_wconf 80' lang='lat' dir='ltr'><strong>ex</strong></span> <span class='ocrx_word' id='word_1_493' title='bbox 1860 3397 1909 3451; x_wconf 80' lang='lat' dir='ltr'><strong>[leo</strong></span> <span class='ocrx_word' id='word_1_494' title='bbox 1923 3392 1996 3458; x_wconf 77' lang='lat' dir='ltr'><strong>est¹¹;</strong></span> 
     </span>
     <span class='ocr_line' id='line_1_64' title="bbox 1231 3485 1996 3569; baseline 0.01 -36"><span class='ocrx_word' id='word_1_495' title='bbox 1231 3495 1311 3536; x_wconf 83' lang='lat' dir='ltr'><strong>ouiue</strong></span> <span class='ocrx_word' id='word_1_496' title='bbox 1324 3492 1414 3536; x_wconf 87' lang='lat' dir='ltr'><strong>autem</strong></span> <span class='ocrx_word' id='word_1_497' title='bbox 1427 3492 1566 3551; x_wconf 88' lang='lat' dir='ltr'><strong>peceatum</strong></span> <span class='ocrx_word' id='word_1_498' title='bbox 1582 3499 1615 3538; x_wconf 80' lang='lat' dir='ltr'><strong>es</strong></span> <span class='ocrx_word' id='word_1_499' title='bbox 1632 3495 1751 3552; x_wconf 86' lang='lat' dir='ltr'><strong>natura;</strong></span> <span class='ocrx_word' id='word_1_500' title='bbox 1767 3502 1800 3542; x_wconf 83' lang='lat' dir='ltr'><strong>ex</strong></span> <span class='ocrx_word' id='word_1_501' title='bbox 1816 3487 1868 3541; x_wconf 87' lang='lat' dir='ltr'><strong>Deo</strong></span> <span class='ocrx_word' id='word_1_502' title='bbox 1884 3485 1996 3569; x_wconf 50' lang='lat' dir='ltr'><strong>esgig&#39;rlttt</strong></span> 
     </span>
     <span class='ocr_line' id='line_1_65' title="bbox 1231 3572 1997 3641; baseline 0.005 -16"><span class='ocrx_word' id='word_1_503' title='bbox 1231 3586 1312 3625; x_wconf 85' lang='lat' dir='ltr'><strong>omne</strong></span> <span class='ocrx_word' id='word_1_504' title='bbox 1335 3581 1485 3641; x_wconf 88' lang='lat' dir='ltr'><strong>peecatum.</strong></span> <span class='ocrx_word' id='word_1_505' title='bbox 1511 3572 1587 3640; x_wconf 85' lang='lat' dir='ltr'><strong>Quod</strong></span> <span class='ocrx_word' id='word_1_506' title='bbox 1611 3575 1633 3630; x_wconf 90' lang='lat' dir='ltr'><strong>si</strong></span> <span class='ocrx_word' id='word_1_507' title='bbox 1658 3575 1710 3631; x_wconf 89' lang='lat' dir='ltr'><strong>boe</strong></span> <span class='ocrx_word' id='word_1_508' title='bbox 1735 3576 1946 3632; x_wconf 86' lang='lat' dir='ltr'><strong>absurdissimam</strong></span> <span class='ocrx_word' id='word_1_509' title='bbox 1964 3580 1997 3625; x_wconf 80' lang='lat' dir='ltr'><strong>cst</strong></span> 
     </span>
     <span class='ocr_line' id='line_1_66' title="bbox 1232 3662 1997 3737; baseline -0.003 -21"><span class='ocrx_word' id='word_1_510' title='bbox 1232 3662 1390 3729; x_wconf 81' lang='lat' dir='ltr'><strong>concedere,</strong></span> <span class='ocrx_word' id='word_1_511' title='bbox 1411 3663 1575 3734; x_wconf 85' lang='lat' dir='ltr'><strong>relinquitur</strong></span> <span class='ocrx_word' id='word_1_512' title='bbox 1587 3665 1751 3723; x_wconf 79' lang='lat' dir='ltr'><strong>rerissimus</strong></span> <span class='ocrx_word' id='word_1_513' title='bbox 1768 3668 1812 3724; x_wconf 87' lang='lat' dir='ltr'><strong>ille</strong></span> <span class='ocrx_word' id='word_1_514' title='bbox 1832 3677 1907 3737; x_wconf 90' lang='lat' dir='ltr'><strong>atque</strong></span> <span class='ocrx_word' id='word_1_515' title='bbox 1925 3662 1997 3734; x_wconf 78' lang='lat' dir='ltr'><strong>piissi-</strong></span> 
     </span>
     <span class='ocr_line' id='line_1_67' title="bbox 1234 3751 1995 3823; baseline -0.001 -17"><span class='ocrx_word' id='word_1_516' title='bbox 1234 3768 1295 3806; x_wconf 90' lang='lat' dir='ltr'><strong>mus</strong></span> <span class='ocrx_word' id='word_1_517' title='bbox 1318 3753 1500 3823; x_wconf 74' lang='lat' dir='ltr'><strong>syllogismus,</strong></span> <span class='ocrx_word' id='word_1_518' title='bbox 1535 3767 1562 3810; x_wconf 87' lang='lat' dir='ltr'><strong>et</strong></span> <span class='ocrx_word' id='word_1_519' title='bbox 1581 3755 1709 3811; x_wconf 74' lang='lat' dir='ltr'><strong>caritatis</strong></span> <span class='ocrx_word' id='word_1_520' title='bbox 1735 3769 1765 3814; x_wconf 88' lang='lat' dir='ltr'><strong>et</strong></span> <span class='ocrx_word' id='word_1_521' title='bbox 1788 3759 1927 3815; x_wconf 74' lang='lat' dir='ltr'><strong>mutuaticae</strong></span> <span class='ocrx_word' id='word_1_522' title='bbox 1948 3751 1995 3807; x_wconf 88' lang='lat' dir='ltr'><strong>tidei</strong></span> 
     </span>
     <span class='ocr_line' id='line_1_68' title="bbox 1233 3839 1997 3914; baseline 0.004 -22"><span class='ocrx_word' id='word_1_523' title='bbox 1233 3839 1423 3909; x_wconf 89' lang='lat' dir='ltr'><strong>plenissimus,</strong></span> <span class='ocrx_word' id='word_1_524' title='bbox 1444 3844 1489 3913; x_wconf 86' lang='lat' dir='ltr'><strong>qui</strong></span> <span class='ocrx_word' id='word_1_525' title='bbox 1508 3844 1547 3898; x_wconf 89' lang='lat' dir='ltr'><strong>sie</strong></span> <span class='ocrx_word' id='word_1_526' title='bbox 1560 3846 1720 3914; x_wconf 86' lang='lat' dir='ltr'><strong>proponitur</strong></span> <span class='ocrx_word' id='word_1_527' title='bbox 1740 3866 1748 3903; x_wconf 90' lang='lat'>:</span> <span class='ocrx_word' id='word_1_528' title='bbox 1769 3849 1853 3905; x_wconf 85' lang='lat' dir='ltr'><strong>(imtte</strong></span> <span class='ocrx_word' id='word_1_529' title='bbox 1866 3848 1997 3902; x_wconf 80' lang='lat' dir='ltr'><strong>iiottumaut</strong></span> 
     </span>
     <span class='ocr_line' id='line_1_69' title="bbox 1233 3930 1997 4005; baseline -0.001 -21"><span class='ocrx_word' id='word_1_530' title='bbox 1233 3930 1304 3985; x_wconf 88' lang='lat' dir='ltr'><strong>Deus</strong></span> <span class='ocrx_word' id='word_1_531' title='bbox 1318 3939 1370 3995; x_wconf 87' lang='lat' dir='ltr'><strong>est,</strong></span> <span class='ocrx_word' id='word_1_532' title='bbox 1386 3939 1433 3985; x_wconf 88' lang='lat' dir='ltr'><strong>ant</strong></span> <span class='ocrx_word' id='word_1_533' title='bbox 1445 3946 1478 3986; x_wconf 85' lang='lat' dir='ltr'><strong>es</strong></span> <span class='ocrx_word' id='word_1_534' title='bbox 1493 3932 1547 3986; x_wconf 81' lang='lat' dir='ltr'><strong>ileo</strong></span> <span class='ocrx_word' id='word_1_535' title='bbox 1560 3932 1662 3988; x_wconf 82' lang='lat' dir='ltr'><strong>laetum</strong></span> <span class='ocrx_word' id='word_1_536' title='bbox 1674 3943 1733 4001; x_wconf 87' lang='lat' dir='ltr'><strong>est;</strong></span> <span class='ocrx_word' id='word_1_537' title='bbox 1748 3952 1829 3991; x_wconf 86' lang='lat' dir='ltr'><strong>oratic</strong></span> <span class='ocrx_word' id='word_1_538' title='bbox 1838 3935 1904 4005; x_wconf 82' lang='lat' dir='ltr'><strong>qttqd</strong></span> <span class='ocrx_word' id='word_1_539' title='bbox 1915 3948 1942 3986; x_wconf 82' lang='lat' dir='ltr'><strong>er</strong></span> <span class='ocrx_word' id='word_1_540' title='bbox 1954 3930 1997 3983; x_wconf 83' lang='lat' dir='ltr'><strong>tta</strong></span> 
     </span>
    </p>
   </div>
   <div class='ocr_carea' id='block_1_22' title="bbox 1038 4080 1384 4139">
    <p class='ocr_par' dir='ltr' id='par_1_23' title="bbox 1038 4080 1384 4139">
     <span class='ocr_line' id='line_1_70' title="bbox 1038 4080 1384 4139; baseline -0.012 0"><span class='ocrx_word' id='word_1_541' title='bbox 1038 4082 1164 4139; x_wconf 74' lang='lat' dir='ltr'><strong>lelldE</strong></span> <span class='ocrx_word' id='word_1_542' title='bbox 1184 4080 1384 4138; x_wconf 77' lang='lat' dir='ltr'><strong>tscttoutss.</strong></span> 
     </span>
    </p>
   </div>
   <div class='ocr_carea' id='block_1_23' title="bbox 391 4174 2057 4705">
    <p class='ocr_par' dir='ltr' id='par_1_24' title="bbox 391 4174 2057 4705">
     <span class='ocr_line' id='line_1_71' title="bbox 421 4174 1995 4341; baseline -0.005 -67"><span class='ocrx_word' id='word_1_543' title='bbox 421 4198 811 4341; x_wconf 48' lang='lat' dir='ltr'><strong>{Cornmodquddbquuu</strong></span> <span class='ocrx_word' id='word_1_544' title='bbox 842 4174 1051 4288; x_wconf 47' lang='lat' dir='ltr'><strong>(iterumn.</strong></span> <span class='ocrx_word' id='word_1_545' title='bbox 1066 4218 1331 4275; x_wconf 82' lang='lat' dir='ltr'><strong>uullaradstantiaut.</strong></span> <span class='ocrx_word' id='word_1_546' title='bbox 1369 4219 1623 4281; x_wconf 61' lang='lat' dir='ltr'><strong>’Streoudtsta</strong></span> <span class='ocrx_word' id='word_1_547' title='bbox 1660 4219 1995 4287; x_wconf 71' lang='lat' dir='ltr'><strong>‘Sicit,cod.rertin.&#39;nu</strong></span> 
     </span>
     <span class='ocr_line' id='line_1_72' title="bbox 393 4286 1995 4360; baseline -0.001 -18"><span class='ocrx_word' id='word_1_548' title='bbox 393 4289 405 4322; x_wconf 85' lang='lat'>⁸</span> <span class='ocrx_word' id='word_1_549' title='bbox 448 4290 559 4360; x_wconf 89' lang='lat' dir='ltr'><strong>drnarg.</strong></span> <span class='ocrx_word' id='word_1_550' title='bbox 572 4288 623 4343; x_wconf 93' lang='lat' dir='ltr'><strong>alia</strong></span> <span class='ocrx_word' id='word_1_551' title='bbox 637 4305 708 4342; x_wconf 87' lang='lat' dir='ltr'><strong>ntan.</strong></span> <span class='ocrx_word' id='word_1_552' title='bbox 718 4289 786 4343; x_wconf 79' lang='lat' dir='ltr'><strong>sorte</strong></span> <span class='ocrx_word' id='word_1_553' title='bbox 795 4304 850 4343; x_wconf 89' lang='lat' dir='ltr'><strong>sec.</strong></span> <span class='ocrx_word' id='word_1_554' title='bbox 862 4304 910 4341; x_wconf 80' lang='lat' dir='ltr'><strong>xm</strong></span> <span class='ocrx_word' id='word_1_555' title='bbox 926 4289 1030 4358; x_wconf 85' lang='lat' dir='ltr'><strong>scripsit</strong></span> <span class='ocrx_word' id='word_1_556' title='bbox 1044 4307 1051 4341; x_wconf 92' lang='lat'><strong>:</strong></span> <span class='ocrx_word' id='word_1_557' title='bbox 1064 4289 1130 4341; x_wconf 85' lang='lat' dir='ltr'><strong>Dicit</strong></span> <span class='ocrx_word' id='word_1_558' title='bbox 1143 4290 1170 4342; x_wconf 86' lang='lat' dir='ltr'><strong>iu</strong></span> <span class='ocrx_word' id='word_1_559' title='bbox 1179 4292 1263 4358; x_wconf 88' lang='lat' dir='ltr'><strong>prima</strong></span> <span class='ocrx_word' id='word_1_560' title='bbox 1275 4289 1377 4343; x_wconf 84' lang='lat' dir='ltr'><strong>tramine</strong></span> <span class='ocrx_word' id='word_1_561' title='bbox 1388 4305 1439 4342; x_wconf 89' lang='lat' dir='ltr'><strong>uon</strong></span> <span class='ocrx_word' id='word_1_562' title='bbox 1449 4289 1604 4358; x_wconf 83' lang='lat' dir='ltr'><strong>peaeraliter</strong></span> <span class='ocrx_word' id='word_1_563' title='bbox 1613 4307 1701 4345; x_wconf 80' lang='lat' dir='ltr'><strong>omncs</strong></span> <span class='ocrx_word' id='word_1_564' title='bbox 1713 4293 1841 4353; x_wconf 75' lang='lat' dir='ltr'><strong>doctrines,</strong></span> <span class='ocrx_word' id='word_1_565' title='bbox 1851 4292 1892 4344; x_wconf 82' lang='lat' dir='ltr'><strong>red</strong></span> <span class='ocrx_word' id='word_1_566' title='bbox 1901 4286 1995 4355; x_wconf 80' lang='lat' dir='ltr'><strong>cingulos</strong></span> 
     </span>
     <span class='ocr_line' id='line_1_73' title="bbox 392 4355 1993 4433; baseline 0.001 -24"><span class='ocrx_word' id='word_1_567' title='bbox 392 4375 523 4427; x_wconf 82' lang='lat' dir='ltr'><strong>percurre,</strong></span> <span class='ocrx_word' id='word_1_568' title='bbox 535 4359 649 4428; x_wconf 75' lang='lat' dir='ltr'><strong>quadret</strong></span> <span class='ocrx_word' id='word_1_569' title='bbox 665 4374 820 4428; x_wconf 81' lang='lat' dir='ltr'><strong>repugnans.</strong></span> <span class='ocrx_word' id='word_1_570' title='bbox 857 4357 976 4412; x_wconf 78' lang='lat' dir='ltr'><strong>ttsaaen</strong></span> <span class='ocrx_word' id='word_1_571' title='bbox 990 4358 1165 4411; x_wconf 75' lang='lat' dir='ltr'><strong>clientarum!</strong></span> <span class='ocrx_word' id='word_1_572' title='bbox 1176 4373 1261 4425; x_wconf 81' lang='lat' dir='ltr'><strong>tnurg.</strong></span> <span class='ocrx_word' id='word_1_573' title='bbox 1273 4359 1360 4412; x_wconf 86' lang='lat' dir='ltr'><strong>adser.</strong></span> <span class='ocrx_word' id='word_1_574' title='bbox 1376 4356 1585 4419; x_wconf 85' lang='lat' dir='ltr'><strong>Dicit,uaturam</strong></span> <span class='ocrx_word' id='word_1_575' title='bbox 1596 4360 1668 4413; x_wconf 75' lang='lat' dir='ltr'><strong>Adae</strong></span> <span class='ocrx_word' id='word_1_576' title='bbox 1681 4378 1733 4414; x_wconf 82' lang='lat' dir='ltr'><strong>iton</strong></span> <span class='ocrx_word' id='word_1_577' title='bbox 1746 4361 1888 4433; x_wconf 74' lang='lat' dir='ltr'><strong>deliquisse.</strong></span> <span class='ocrx_word' id='word_1_578' title='bbox 1921 4355 1993 4410; x_wconf 75' lang='lat' dir='ltr'><strong>&#39;Eud</strong></span> 
     </span>
     <span class='ocr_line' id='line_1_74' title="bbox 392 4426 1995 4497; baseline -0.003 -18"><span class='ocrx_word' id='word_1_579' title='bbox 392 4428 444 4480; x_wconf 84' lang='lat' dir='ltr'><strong>ulia</strong></span> <span class='ocrx_word' id='word_1_580' title='bbox 457 4429 570 4483; x_wconf 83' lang='lat' dir='ltr'><strong>mamad</strong></span> <span class='ocrx_word' id='word_1_581' title='bbox 583 4442 667 4497; x_wconf 79' lang='lat' dir='ltr'><strong>ittarg.</strong></span> <span class='ocrx_word' id='word_1_582' title='bbox 677 4428 765 4483; x_wconf 87' lang='lat' dir='ltr'><strong>adser.</strong></span> <span class='ocrx_word' id='word_1_583' title='bbox 776 4426 917 4481; x_wconf 84' lang='lat' dir='ltr'><strong>Naturalia</strong></span> <span class='ocrx_word' id='word_1_584' title='bbox 926 4427 998 4480; x_wconf 83' lang='lat' dir='ltr'><strong>docet</strong></span> <span class='ocrx_word' id='word_1_585' title='bbox 1011 4443 1066 4481; x_wconf 80' lang='lat' dir='ltr'><strong>erre</strong></span> <span class='ocrx_word' id='word_1_586' title='bbox 1076 4436 1193 4496; x_wconf 86' lang='lat' dir='ltr'><strong>peccata.</strong></span> <span class='ocrx_word' id='word_1_587' title='bbox 1229 4427 1240 4457; x_wconf 82' lang='lat'>⁸</span> <span class='ocrx_word' id='word_1_588' title='bbox 1255 4427 1322 4480; x_wconf 82' lang='lat' dir='ltr'><strong>Euat.</strong></span> <span class='ocrx_word' id='word_1_589' title='bbox 1335 4428 1370 4480; x_wconf 88' lang='lat' dir='ltr'><strong>al.</strong></span> <span class='ocrx_word' id='word_1_590' title='bbox 1383 4443 1419 4480; x_wconf 90' lang='lat' dir='ltr'><strong>m.</strong></span> <span class='ocrx_word' id='word_1_591' title='bbox 1435 4427 1467 4479; x_wconf 88' lang='lat' dir='ltr'><strong>ad</strong></span> <span class='ocrx_word' id='word_1_592' title='bbox 1481 4442 1566 4495; x_wconf 79' lang='lat' dir='ltr'><strong>tttarg.</strong></span> <span class='ocrx_word' id='word_1_593' title='bbox 1583 4429 1671 4483; x_wconf 86' lang='lat' dir='ltr'><strong>adser.</strong></span> <span class='ocrx_word' id='word_1_594' title='bbox 1684 4440 1786 4486; x_wconf 85' lang='lat' dir='ltr'><strong>ruoturn</strong></span> <span class='ocrx_word' id='word_1_595' title='bbox 1801 4431 1887 4485; x_wconf 82' lang='lat' dir='ltr'><strong>trientis</strong></span> <span class='ocrx_word' id='word_1_596' title='bbox 1898 4427 1995 4481; x_wconf 82' lang='lat' dir='ltr'><strong>uolunta-</strong></span> 
     </span>
     <span class='ocr_line' id='line_1_75' title="bbox 392 4495 1994 4571; baseline -0.001 -22"><span class='ocrx_word' id='word_1_597' title='bbox 392 4499 461 4550; x_wconf 83' lang='lat' dir='ltr'><strong>rium</strong></span> <span class='ocrx_word' id='word_1_598' title='bbox 481 4498 544 4551; x_wconf 84' lang='lat' dir='ltr'><strong>dicit</strong></span> <span class='ocrx_word' id='word_1_599' title='bbox 559 4497 593 4551; x_wconf 89' lang='lat' dir='ltr'><strong>ad</strong></span> <span class='ocrx_word' id='word_1_600' title='bbox 615 4497 669 4551; x_wconf 85' lang='lat' dir='ltr'><strong>Dea</strong></span> <span class='ocrx_word' id='word_1_601' title='bbox 684 4513 735 4550; x_wconf 90' lang='lat' dir='ltr'><strong>non</strong></span> <span class='ocrx_word' id='word_1_602' title='bbox 749 4497 859 4551; x_wconf 71' lang='lat' dir='ltr'><strong>...cari</strong></span> <span class='ocrx_word' id='word_1_603' title='bbox 896 4496 986 4551; x_wconf 78' lang='lat' dir='ltr'><strong>&#39;Eud</strong></span> <span class='ocrx_word' id='word_1_604' title='bbox 1005 4495 1041 4550; x_wconf 87' lang='lat' dir='ltr'><strong>al.</strong></span> <span class='ocrx_word' id='word_1_605' title='bbox 1056 4513 1094 4550; x_wconf 87' lang='lat' dir='ltr'><strong>tu.</strong></span> <span class='ocrx_word' id='word_1_606' title='bbox 1106 4496 1138 4550; x_wconf 89' lang='lat' dir='ltr'><strong>ad</strong></span> <span class='ocrx_word' id='word_1_607' title='bbox 1156 4510 1240 4565; x_wconf 84' lang='lat' dir='ltr'><strong>tnarg.</strong></span> <span class='ocrx_word' id='word_1_608' title='bbox 1253 4497 1343 4549; x_wconf 87' lang='lat' dir='ltr'><strong>adser.</strong></span> <span class='ocrx_word' id='word_1_609' title='bbox 1356 4495 1486 4549; x_wconf 76' lang='lat' dir='ltr'><strong>Naturam</strong></span> <span class='ocrx_word' id='word_1_610' title='bbox 1501 4496 1564 4549; x_wconf 79' lang='lat' dir='ltr'><strong>drot</strong></span> <span class='ocrx_word' id='word_1_611' title='bbox 1575 4514 1621 4551; x_wconf 82' lang='lat' dir='ltr'><strong>ner</strong></span> <span class='ocrx_word' id='word_1_612' title='bbox 1631 4500 1718 4567; x_wconf 86' lang='lat' dir='ltr'><strong>puniri</strong></span> <span class='ocrx_word' id='word_1_613' title='bbox 1736 4517 1784 4555; x_wconf 88' lang='lat' dir='ltr'><strong>nec</strong></span> <span class='ocrx_word' id='word_1_614' title='bbox 1796 4500 1890 4571; x_wconf 69' lang='lat' dir='ltr'><strong>pereira</strong></span> <span class='ocrx_word' id='word_1_615' title='bbox 1909 4512 1953 4549; x_wconf 83' lang='lat' dir='ltr'><strong>aar</strong></span> <span class='ocrx_word' id='word_1_616' title='bbox 1964 4500 1994 4544; x_wconf 75' lang='lat' dir='ltr'><strong>cst</strong></span> 
     </span>
     <span class='ocr_line' id='line_1_76' title="bbox 391 4560 2057 4636; baseline -0.004 -18"><span class='ocrx_word' id='word_1_617' title='bbox 391 4568 602 4636; x_wconf 81' lang='lat' dir='ltr'><strong>crpapuscidiiic.</strong></span> <span class='ocrx_word' id='word_1_618' title='bbox 641 4564 663 4599; x_wconf 74' lang='lat'><strong>¹0</strong></span> <span class='ocrx_word' id='word_1_619' title='bbox 677 4565 742 4621; x_wconf 79' lang='lat' dir='ltr'><strong>sad.</strong></span> <span class='ocrx_word' id='word_1_620' title='bbox 759 4564 795 4619; x_wconf 88' lang='lat' dir='ltr'><strong>ul.</strong></span> <span class='ocrx_word' id='word_1_621' title='bbox 819 4582 855 4619; x_wconf 91' lang='lat' dir='ltr'><strong>nt.</strong></span> <span class='ocrx_word' id='word_1_622' title='bbox 872 4565 906 4618; x_wconf 85' lang='lat' dir='ltr'><strong>ad</strong></span> <span class='ocrx_word' id='word_1_623' title='bbox 927 4580 1012 4633; x_wconf 88' lang='lat' dir='ltr'><strong>utarg.</strong></span> <span class='ocrx_word' id='word_1_624' title='bbox 1029 4566 1117 4618; x_wconf 85' lang='lat' dir='ltr'><strong>adscr.</strong></span> <span class='ocrx_word' id='word_1_625' title='bbox 1135 4563 1332 4630; x_wconf 82' lang='lat' dir='ltr'><strong>Testimonium,</strong></span> <span class='ocrx_word' id='word_1_626' title='bbox 1343 4565 1413 4634; x_wconf 83' lang='lat' dir='ltr'><strong>quad</strong></span> <span class='ocrx_word' id='word_1_627' title='bbox 1427 4568 1547 4631; x_wconf 77' lang='lat' dir='ltr'><strong>ostarsalt,</strong></span> <span class='ocrx_word' id='word_1_628' title='bbox 1563 4582 1679 4635; x_wconf 82' lang='lat' dir='ltr'><strong>peruerse</strong></span> <span class='ocrx_word' id='word_1_629' title='bbox 1691 4569 1830 4624; x_wconf 78' lang='lat' dir='ltr'><strong>intellexit.</strong></span> <span class='ocrx_word' id='word_1_630' title='bbox 1864 4560 1993 4617; x_wconf 76' lang='lat' dir='ltr'><strong>“liubai</strong></span> <span class='ocrx_word' id='word_1_631' title='bbox 2056 4566 2057 4629; x_wconf 67' lang='lat' dir='ltr'><strong>i</strong></span> 
     </span>
     <span class='ocr_line' id='line_1_77' title="bbox 393 4633 1992 4705; baseline -0.004 -19"><span class='ocrx_word' id='word_1_632' title='bbox 393 4652 429 4686; x_wconf 85' lang='lat' dir='ltr'><strong>ru.</strong></span> <span class='ocrx_word' id='word_1_633' title='bbox 449 4638 576 4705; x_wconf 74' lang='lat' dir='ltr'><strong>:retrnarg</strong></span> <span class='ocrx_word' id='word_1_634' title='bbox 593 4635 681 4689; x_wconf 88' lang='lat' dir='ltr'><strong>adser.</strong></span> <span class='ocrx_word' id='word_1_635' title='bbox 697 4634 752 4689; x_wconf 84' lang='lat' dir='ltr'><strong>Nec</strong></span> <span class='ocrx_word' id='word_1_636' title='bbox 764 4650 882 4704; x_wconf 70' lang='lat' dir='ltr'><strong>paparum</strong></span> <span class='ocrx_word' id='word_1_637' title='bbox 894 4634 942 4687; x_wconf 83' lang='lat' dir='ltr'><strong>boc</strong></span> <span class='ocrx_word' id='word_1_638' title='bbox 955 4635 1028 4688; x_wconf 82' lang='lat' dir='ltr'><strong>dicit.</strong></span> <span class='ocrx_word' id='word_1_639' title='bbox 1067 4636 1088 4668; x_wconf 83' lang='lat'><strong>¹¹</strong></span> <span class='ocrx_word' id='word_1_640' title='bbox 1100 4633 1166 4687; x_wconf 85' lang='lat' dir='ltr'><strong>Ead.</strong></span> <span class='ocrx_word' id='word_1_641' title='bbox 1178 4634 1212 4687; x_wconf 91' lang='lat' dir='ltr'><strong>al.</strong></span> <span class='ocrx_word' id='word_1_642' title='bbox 1226 4648 1261 4687; x_wconf 89' lang='lat' dir='ltr'><strong>ut.</strong></span> <span class='ocrx_word' id='word_1_643' title='bbox 1277 4633 1310 4687; x_wconf 87' lang='lat' dir='ltr'><strong>ad</strong></span> <span class='ocrx_word' id='word_1_644' title='bbox 1330 4644 1416 4704; x_wconf 84' lang='lat' dir='ltr'><strong>ritarg.</strong></span> <span class='ocrx_word' id='word_1_645' title='bbox 1429 4636 1518 4690; x_wconf 86' lang='lat' dir='ltr'><strong>adser.</strong></span> <span class='ocrx_word' id='word_1_646' title='bbox 1535 4634 1597 4690; x_wconf 89' lang='lat' dir='ltr'><strong>Nan</strong></span> <span class='ocrx_word' id='word_1_647' title='bbox 1619 4652 1652 4690; x_wconf 81' lang='lat' dir='ltr'><strong>es</strong></span> <span class='ocrx_word' id='word_1_648' title='bbox 1672 4637 1740 4704; x_wconf 78' lang='lat' dir='ltr'><strong>Nea,</strong></span> <span class='ocrx_word' id='word_1_649' title='bbox 1757 4641 1803 4694; x_wconf 79' lang='lat' dir='ltr'><strong>acal</strong></span> <span class='ocrx_word' id='word_1_650' title='bbox 1815 4655 1830 4691; x_wconf 89' lang='lat' dir='ltr'><strong>a</strong></span> <span class='ocrx_word' id='word_1_651' title='bbox 1842 4636 1889 4690; x_wconf 81' lang='lat' dir='ltr'><strong>lica</strong></span> <span class='ocrx_word' id='word_1_652' title='bbox 1902 4641 1992 4686; x_wconf 77' lang='lat' dir='ltr'><strong>tratura.</strong></span> 
     </span>
    </p>
   </div>
   <div class='ocr_carea' id='block_1_24' title="bbox 393 4702 900 4774">
    <p class='ocr_par' dir='ltr' id='par_1_25' title="bbox 393 4702 900 4774">
     <span class='ocr_line' id='line_1_78' title="bbox 393 4702 900 4774; baseline 0.006 -21"><span class='ocrx_word' id='word_1_653' title='bbox 393 4702 455 4755; x_wconf 82' lang='lat' dir='ltr'><strong>allon</strong></span> <span class='ocrx_word' id='word_1_654' title='bbox 477 4706 538 4757; x_wconf 85' lang='lat' dir='ltr'><strong>item</strong></span> <span class='ocrx_word' id='word_1_655' title='bbox 557 4721 618 4773; x_wconf 84' lang='lat' dir='ltr'><strong>pars</strong></span> <span class='ocrx_word' id='word_1_656' title='bbox 639 4704 685 4758; x_wconf 79' lang='lat' dir='ltr'><strong>bct</strong></span> <span class='ocrx_word' id='word_1_657' title='bbox 706 4713 754 4769; x_wconf 81' lang='lat' dir='ltr'><strong>est,</strong></span> <span class='ocrx_word' id='word_1_658' title='bbox 769 4704 813 4758; x_wconf 80' lang='lat' dir='ltr'><strong>aed</strong></span> <span class='ocrx_word' id='word_1_659' title='bbox 827 4718 900 4774; x_wconf 75' lang='lat' dir='ltr'><strong>opus.</strong></span> 
     </span>
    </p>
   </div>
   <div class='ocr_carea' id='block_1_25' title="bbox 1148 4832 1272 4891">
    <p class='ocr_par' dir='ltr' id='par_1_26' title="bbox 1148 4832 1272 4891">
     <span class='ocr_line' id='line_1_79' title="bbox 1148 4832 1272 4891; baseline 0 -2"><span class='ocrx_word' id='word_1_660' title='bbox 1148 4832 1272 4891; x_wconf 81' lang='lat' dir='ltr'><strong>NOTAE.</strong></span> 
     </span>
    </p>
   </div>
   <div class='ocr_carea' id='block_1_26' title="bbox 394 4983 1185 5893">
    <p class='ocr_par' dir='ltr' id='par_1_27' title="bbox 428 4983 668 5052">
     <span class='ocr_line' id='line_1_80' title="bbox 428 4983 668 5052; baseline 0 -15"><span class='ocrx_word' id='word_1_661' title='bbox 428 4998 442 5024; x_wconf 68' lang='lat' dir='ltr'><strong>r</strong></span> <span class='ocrx_word' id='word_1_662' title='bbox 462 4985 604 5052; x_wconf 85' lang='lat' dir='ltr'><strong>dugnstin.</strong></span> <span class='ocrx_word' id='word_1_663' title='bbox 618 4984 636 5037; x_wconf 91' lang='lat' dir='ltr'><strong>l.</strong></span> <span class='ocrx_word' id='word_1_664' title='bbox 650 4983 668 5038; x_wconf 87' lang='lat' dir='ltr'><strong>l.</strong></span> 
     </span>
    </p>

    <p class='ocr_par' dir='ltr' id='par_1_28' title="bbox 430 5053 976 5178">
     <span class='ocr_line' id='line_1_81' title="bbox 430 5053 976 5178; baseline 0.005 -73"><span class='ocrx_word' id='word_1_665' title='bbox 430 5055 444 5093; x_wconf 68' lang='lat'><strong>¹³</strong></span> <span class='ocrx_word' id='word_1_666' title='bbox 462 5054 657 5178; x_wconf 51' lang='lat' dir='ltr'><strong>stufflqh&#39;ige</strong></span> <span class='ocrx_word' id='word_1_667' title='bbox 666 5064 764 5124; x_wconf 87' lang='lat' dir='ltr'><strong>peccat.</strong></span> <span class='ocrx_word' id='word_1_668' title='bbox 778 5055 877 5109; x_wconf 80' lang='lat' dir='ltr'><strong>meritis</strong></span> <span class='ocrx_word' id='word_1_669' title='bbox 890 5053 933 5119; x_wconf 91' lang='lat' dir='ltr'><strong>ttl,</strong></span> <span class='ocrx_word' id='word_1_670' title='bbox 949 5055 976 5108; x_wconf 85' lang='lat' dir='ltr'><strong>t.</strong></span> 
     </span>
    </p>

    <p class='ocr_par' dir='ltr' id='par_1_29' title="bbox 431 5137 645 5184">
     <span class='ocr_line' id='line_1_82' title="bbox 431 5137 645 5184; baseline 0 -9"><span class='ocrx_word' id='word_1_671' title='bbox 431 5137 441 5160; x_wconf 79' lang='lat'><strong>¹·</strong></span> <span class='ocrx_word' id='word_1_672' title='bbox 486 5140 539 5176; x_wconf 82' lang='lat' dir='ltr'><strong>ortt.</strong></span> <span class='ocrx_word' id='word_1_673' title='bbox 579 5163 586 5184; x_wconf 91' lang='lat'><strong>,</strong></span> <span class='ocrx_word' id='word_1_674' title='bbox 638 5162 645 5175; x_wconf 90' lang='lat'><strong>.</strong></span> 
     </span>
    </p>

    <p class='ocr_par' dir='ltr' id='par_1_30' title="bbox 394 5190 1185 5893">
     <span class='ocr_line' id='line_1_83' title="bbox 428 5190 1179 5263; baseline 0.001 -17"><span class='ocrx_word' id='word_1_675' title='bbox 428 5194 442 5233; x_wconf 70' lang='lat' dir='ltr'><strong>tl</strong></span> <span class='ocrx_word' id='word_1_676' title='bbox 461 5194 640 5247; x_wconf 85' lang='lat' dir='ltr'><strong>Prudentius:</strong></span> <span class='ocrx_word' id='word_1_677' title='bbox 658 5190 754 5246; x_wconf 78' lang='lat' dir='ltr'><strong>Partiri</strong></span> <span class='ocrx_word' id='word_1_678' title='bbox 767 5193 793 5246; x_wconf 89' lang='lat' dir='ltr'><strong>itt</strong></span> <span class='ocrx_word' id='word_1_679' title='bbox 805 5192 910 5247; x_wconf 79' lang='lat' dir='ltr'><strong>diabolo</strong></span> <span class='ocrx_word' id='word_1_680' title='bbox 924 5204 948 5248; x_wconf 88' lang='lat' dir='ltr'><strong>et</strong></span> <span class='ocrx_word' id='word_1_681' title='bbox 961 5194 1047 5263; x_wconf 71' lang='lat' dir='ltr'><strong>inpiis</strong></span> <span class='ocrx_word' id='word_1_682' title='bbox 1067 5193 1179 5248; x_wconf 81' lang='lat' dir='ltr'><strong>damini·</strong></span> 
     </span>
     <span class='ocr_line' id='line_1_84' title="bbox 394 5262 1181 5334; baseline -0.001 -16"><span class='ocrx_word' id='word_1_683' title='bbox 394 5266 442 5318; x_wconf 86' lang='lat' dir='ltr'><strong>dur</strong></span> <span class='ocrx_word' id='word_1_684' title='bbox 463 5273 587 5316; x_wconf 87' lang='lat' dir='ltr'><strong>naturam</strong></span> <span class='ocrx_word' id='word_1_685' title='bbox 601 5265 769 5331; x_wconf 79' lang='lat' dir='ltr'><strong>depravatam</strong></span> <span class='ocrx_word' id='word_1_686' title='bbox 789 5273 812 5317; x_wconf 86' lang='lat' dir='ltr'><strong>et</strong></span> <span class='ocrx_word' id='word_1_687' title='bbox 828 5262 945 5317; x_wconf 85' lang='lat' dir='ltr'><strong>uitiatum</strong></span> <span class='ocrx_word' id='word_1_688' title='bbox 963 5265 1070 5334; x_wconf 87' lang='lat' dir='ltr'><strong>propria</strong></span> <span class='ocrx_word' id='word_1_689' title='bbox 1091 5264 1181 5317; x_wconf 71' lang='lat' dir='ltr'><strong>uoluit·</strong></span> 
     </span>
     <span class='ocr_line' id='line_1_85' title="bbox 395 5332 1180 5402; baseline -0.001 -15"><span class='ocrx_word' id='word_1_690' title='bbox 395 5346 456 5387; x_wconf 85' lang='lat' dir='ltr'><strong>tate.</strong></span> <span class='ocrx_word' id='word_1_691' title='bbox 478 5333 519 5386; x_wconf 79' lang='lat' dir='ltr'><strong>dd</strong></span> <span class='ocrx_word' id='word_1_692' title='bbox 538 5347 570 5387; x_wconf 90' lang='lat' dir='ltr'><strong>ea</strong></span> <span class='ocrx_word' id='word_1_693' title='bbox 585 5348 660 5393; x_wconf 82' lang='lat' dir='ltr'><strong>vero,</strong></span> <span class='ocrx_word' id='word_1_694' title='bbox 683 5348 753 5401; x_wconf 89' lang='lat' dir='ltr'><strong>quae</strong></span> <span class='ocrx_word' id='word_1_695' title='bbox 764 5343 932 5402; x_wconf 82' lang='lat' dir='ltr'><strong>seqtnmtar:</strong></span> <span class='ocrx_word' id='word_1_696' title='bbox 949 5352 958 5385; x_wconf 87' lang='grc' dir='ltr'>τ</span> <span class='ocrx_word' id='word_1_697' title='bbox 975 5332 1033 5387; x_wconf 90' lang='grc' dir='ltr'>Νοττ</span> <span class='ocrx_word' id='word_1_698' title='bbox 1052 5348 1180 5402; x_wconf 84' lang='lat' dir='ltr'><strong>peccasse</strong></span> 
     </span>
     <span class='ocr_line' id='line_1_86' title="bbox 395 5401 1177 5470; baseline -0.004 -13"><span class='ocrx_word' id='word_1_699' title='bbox 395 5412 518 5457; x_wconf 84' lang='lat' dir='ltr'><strong>trattrratn</strong></span> <span class='ocrx_word' id='word_1_700' title='bbox 542 5401 588 5455; x_wconf 88' lang='lat' dir='ltr'><strong>sed</strong></span> <span class='ocrx_word' id='word_1_701' title='bbox 609 5401 773 5455; x_wconf 79' lang='lat' dir='ltr'><strong>retardarem</strong></span> <span class='ocrx_word' id='word_1_702' title='bbox 788 5421 810 5467; x_wconf 84' lang='grc' dir='ltr'><strong>τ,</strong></span> <span class='ocrx_word' id='word_1_703' title='bbox 825 5401 986 5457; x_wconf 84' lang='lat' dir='ltr'><strong>Prtulentius</strong></span> <span class='ocrx_word' id='word_1_704' title='bbox 1011 5404 1177 5470; x_wconf 87' lang='lat' dir='ltr'><strong>respondet:</strong></span> 
     </span>
     <span class='ocr_line' id='line_1_87' title="bbox 395 5470 1185 5541; baseline 0 -16"><span class='ocrx_word' id='word_1_705' title='bbox 395 5473 527 5525; x_wconf 88' lang='lat' dir='ltr'><strong>Naturam</strong></span> <span class='ocrx_word' id='word_1_706' title='bbox 538 5487 656 5539; x_wconf 79' lang='lat' dir='ltr'><strong>percurre</strong></span> <span class='ocrx_word' id='word_1_707' title='bbox 669 5470 837 5541; x_wconf 76' lang='lat' dir='ltr'><strong>quidenr,red</strong></span> <span class='ocrx_word' id='word_1_708' title='bbox 853 5488 905 5525; x_wconf 88' lang='lat' dir='ltr'><strong>nan</strong></span> <span class='ocrx_word' id='word_1_709' title='bbox 914 5472 996 5540; x_wconf 72' lang='lat' dir='ltr'><strong>[nisae</strong></span> <span class='ocrx_word' id='word_1_710' title='bbox 1007 5473 1097 5527; x_wconf 82' lang='lat' dir='ltr'><strong>uitium</strong></span> <span class='ocrx_word' id='word_1_711' title='bbox 1110 5482 1185 5525; x_wconf 80' lang='lat' dir='ltr'><strong>tacitu-</strong></span> 
     </span>
     <span class='ocr_line' id='line_1_88' title="bbox 395 5539 1183 5609; baseline 0.001 -17"><span class='ocrx_word' id='word_1_712' title='bbox 395 5543 517 5600; x_wconf 81' lang='lat' dir='ltr'><strong>rne.sicnt</strong></span> <span class='ocrx_word' id='word_1_713' title='bbox 529 5559 544 5592; x_wconf 91' lang='lat' dir='ltr'><strong>a</strong></span> <span class='ocrx_word' id='word_1_714' title='bbox 555 5539 609 5593; x_wconf 83' lang='lat' dir='ltr'><strong>Dee</strong></span> <span class='ocrx_word' id='word_1_715' title='bbox 620 5540 686 5593; x_wconf 84' lang='lat' dir='ltr'><strong>bona</strong></span> <span class='ocrx_word' id='word_1_716' title='bbox 698 5541 802 5593; x_wconf 85' lang='lat' dir='ltr'><strong>condita</strong></span> <span class='ocrx_word' id='word_1_717' title='bbox 812 5542 906 5600; x_wconf 60' lang='lat' dir='ltr'><strong>enecet</strong></span> <span class='ocrx_word' id='word_1_718' title='bbox 914 5542 984 5595; x_wconf 80' lang='lat' dir='ltr'><strong>sicut</strong></span> <span class='ocrx_word' id='word_1_719' title='bbox 995 5556 1041 5608; x_wconf 87' lang='lat' dir='ltr'><strong>per</strong></span> <span class='ocrx_word' id='word_1_720' title='bbox 1050 5556 1183 5609; x_wconf 78' lang='lat' dir='ltr'><strong>propriam</strong></span> 
     </span>
     <span class='ocr_line' id='line_1_89' title="bbox 396 5609 1182 5679; baseline 0.004 -18"><span class='ocrx_word' id='word_1_721' title='bbox 396 5609 550 5663; x_wconf 81' lang='lat' dir='ltr'><strong>uoluntatem</strong></span> <span class='ocrx_word' id='word_1_722' title='bbox 565 5621 687 5679; x_wconf 86' lang='lat' dir='ltr'><strong>corrupta</strong></span> <span class='ocrx_word' id='word_1_723' title='bbox 701 5619 756 5673; x_wconf 85' lang='lat' dir='ltr'><strong>est;</strong></span> <span class='ocrx_word' id='word_1_724' title='bbox 780 5610 865 5678; x_wconf 80' lang='lat' dir='ltr'><strong>ipsunt</strong></span> <span class='ocrx_word' id='word_1_725' title='bbox 883 5619 970 5663; x_wconf 84' lang='lat' dir='ltr'><strong>tunren</strong></span> <span class='ocrx_word' id='word_1_726' title='bbox 985 5620 1117 5677; x_wconf 80' lang='lat' dir='ltr'><strong>peccatam</strong></span> <span class='ocrx_word' id='word_1_727' title='bbox 1131 5625 1182 5664; x_wconf 88' lang='lat' dir='ltr'><strong>non</strong></span> 
     </span>
     <span class='ocr_line' id='line_1_90' title="bbox 395 5678 1182 5747; baseline 0.001 -18"><span class='ocrx_word' id='word_1_728' title='bbox 395 5678 556 5731; x_wconf 81' lang='lat' dir='ltr'><strong>solummodo</strong></span> <span class='ocrx_word' id='word_1_729' title='bbox 569 5678 710 5739; x_wconf 82' lang='lat' dir='ltr'><strong>uoluntate,</strong></span> <span class='ocrx_word' id='word_1_730' title='bbox 724 5680 768 5731; x_wconf 86' lang='lat' dir='ltr'><strong>sed</strong></span> <span class='ocrx_word' id='word_1_731' title='bbox 781 5678 837 5747; x_wconf 79' lang='lat' dir='ltr'><strong>ejus</strong></span> <span class='ocrx_word' id='word_1_732' title='bbox 850 5689 970 5741; x_wconf 83' lang='lat' dir='ltr'><strong>naturae,</strong></span> <span class='ocrx_word' id='word_1_733' title='bbox 993 5678 1182 5745; x_wconf 78' lang='lat' dir='ltr'><strong>deputaitdrrm,</strong></span> 
     </span>
     <span class='ocr_line' id='line_1_91' title="bbox 394 5746 1183 5818; baseline 0.003 -19"><span class='ocrx_word' id='word_1_734' title='bbox 394 5748 472 5815; x_wconf 84' lang='lat' dir='ltr'><strong>cnjus</strong></span> <span class='ocrx_word' id='word_1_735' title='bbox 485 5746 657 5809; x_wconf 69' lang='lat' dir='ltr'><strong>radamanti,</strong></span> <span class='ocrx_word' id='word_1_736' title='bbox 673 5749 781 5818; x_wconf 80' lang='lat' dir='ltr'><strong>ideoque</strong></span> <span class='ocrx_word' id='word_1_737' title='bbox 796 5757 918 5800; x_wconf 83' lang='lat' dir='ltr'><strong>araturam</strong></span> <span class='ocrx_word' id='word_1_738' title='bbox 934 5748 1103 5815; x_wconf 84' lang='lat' dir='ltr'><strong>peccatricem</strong></span> <span class='ocrx_word' id='word_1_739' title='bbox 1120 5747 1183 5814; x_wconf 80' lang='lat' dir='ltr'><strong>jura</strong></span> 
     </span>
     <span class='ocr_line' id='line_1_92' title="bbox 394 5814 1181 5893; baseline 0 -24"><span class='ocrx_word' id='word_1_740' title='bbox 394 5815 524 5884; x_wconf 81' lang='lat' dir='ltr'><strong>punitam.</strong></span> <span class='ocrx_word' id='word_1_741' title='bbox 552 5814 657 5893; x_wconf 73' lang='lat' dir='ltr'><strong>Natura</strong></span> <span class='ocrx_word' id='word_1_742' title='bbox 671 5816 775 5885; x_wconf 83' lang='lat' dir='ltr'><strong>quippe,</strong></span> <span class='ocrx_word' id='word_1_743' title='bbox 800 5817 827 5869; x_wconf 85' lang='lat' dir='ltr'><strong>id</strong></span> <span class='ocrx_word' id='word_1_744' title='bbox 848 5825 886 5870; x_wconf 81' lang='lat' dir='ltr'><strong>est</strong></span> <span class='ocrx_word' id='word_1_745' title='bbox 906 5817 1006 5879; x_wconf 81' lang='lat' dir='ltr'><strong>antino,</strong></span> <span class='ocrx_word' id='word_1_746' title='bbox 1031 5815 1181 5869; x_wconf 82' lang='lat' dir='ltr'><strong>suasionem</strong></span> 
     </span>
    </p>
   </div>
   <div class='ocr_carea' id='block_1_27' title="bbox 1536 4924 1544 4951">
    <p class='ocr_par' dir='ltr' id='par_1_31' title="bbox 1536 4924 1544 4951">
     <span class='ocr_line' id='line_1_93' title="bbox 1536 4924 1544 4951; baseline 0 0"><span class='ocrx_word' id='word_1_747' title='bbox 1536 4924 1544 4951; x_wconf 78' lang='lat' dir='ltr'><strong>l</strong></span> 
     </span>
    </p>
   </div>
   <div class='ocr_carea' id='block_1_28' title="bbox 1194 4992 1991 5066">
    <p class='ocr_par' dir='ltr' id='par_1_32' title="bbox 1194 4992 1991 5066">
     <span class='ocr_line' id='line_1_94' title="bbox 1194 4992 1991 5066; baseline 0.003 -23"><span class='ocrx_word' id='word_1_748' title='bbox 1194 4992 1221 5051; x_wconf 88' lang='lat' dir='ltr'>D</span> <span class='ocrx_word' id='word_1_749' title='bbox 1235 4994 1358 5062; x_wconf 81' lang='lat' dir='ltr'><strong>serpentis</strong></span> <span class='ocrx_word' id='word_1_750' title='bbox 1369 4993 1486 5055; x_wconf 85' lang='lat' dir='ltr'><strong>admisit,</strong></span> <span class='ocrx_word' id='word_1_751' title='bbox 1509 5003 1533 5047; x_wconf 87' lang='lat' dir='ltr'><strong>et</strong></span> <span class='ocrx_word' id='word_1_752' title='bbox 1548 4995 1639 5049; x_wconf 86' lang='lat' dir='ltr'><strong>eadent</strong></span> <span class='ocrx_word' id='word_1_753' title='bbox 1652 5012 1697 5066; x_wconf 85' lang='lat' dir='ltr'><strong>per</strong></span> <span class='ocrx_word' id='word_1_754' title='bbox 1708 5007 1842 5061; x_wconf 83' lang='lat' dir='ltr'><strong>nutrirem,</strong></span> <span class='ocrx_word' id='word_1_755' title='bbox 1860 4994 1886 5047; x_wconf 84' lang='lat' dir='ltr'><strong>iri</strong></span> <span class='ocrx_word' id='word_1_756' title='bbox 1894 5002 1935 5052; x_wconf 80' lang='lat' dir='ltr'><strong>cat,</strong></span> <span class='ocrx_word' id='word_1_757' title='bbox 1945 5003 1991 5045; x_wconf 79' lang='lat' dir='ltr'><strong>cnt-</strong></span> 
     </span>
    </p>
   </div>
   <div class='ocr_carea' id='block_1_29' title="bbox 1230 5062 2057 5826">
    <p class='ocr_par' dir='ltr' id='par_1_33' title="bbox 1232 5062 1805 5133">
     <span class='ocr_line' id='line_1_95' title="bbox 1232 5062 1805 5133; baseline 0.016 -23"><span class='ocrx_word' id='word_1_758' title='bbox 1232 5077 1280 5129; x_wconf 87' lang='lat' dir='ltr'><strong>prts</strong></span> <span class='ocrx_word' id='word_1_759' title='bbox 1295 5079 1370 5116; x_wconf 80' lang='lat' dir='ltr'><strong>aarum</strong></span> <span class='ocrx_word' id='word_1_760' title='bbox 1382 5062 1446 5131; x_wconf 79' lang='lat' dir='ltr'><strong>lipari</strong></span> <span class='ocrx_word' id='word_1_761' title='bbox 1460 5064 1561 5117; x_wconf 79' lang='lat' dir='ltr'><strong>inhibiti</strong></span> <span class='ocrx_word' id='word_1_762' title='bbox 1571 5080 1675 5133; x_wconf 86' lang='lat' dir='ltr'><strong>pomum</strong></span> <span class='ocrx_word' id='word_1_763' title='bbox 1685 5069 1805 5121; x_wconf 79' lang='lat' dir='ltr'><strong>coneedit.</strong></span> 
     </span>
    </p>

    <p class='ocr_par' dir='ltr' id='par_1_34' title="bbox 1230 5129 1990 5463">
     <span class='ocr_line' id='line_1_96' title="bbox 1269 5129 1990 5203; baseline 0 -19"><span class='ocrx_word' id='word_1_764' title='bbox 1269 5141 1281 5170; x_wconf 75' lang='lat' dir='ltr'><strong>e</strong></span> <span class='ocrx_word' id='word_1_765' title='bbox 1298 5130 1480 5186; x_wconf 83' lang='lat' dir='ltr'><strong>Prrtdeutius:</strong></span> <span class='ocrx_word' id='word_1_766' title='bbox 1498 5133 1623 5187; x_wconf 79' lang='lat' dir='ltr'><strong>Permesse</strong></span> <span class='ocrx_word' id='word_1_767' title='bbox 1646 5136 1674 5187; x_wconf 87' lang='lat' dir='ltr'><strong>itt</strong></span> <span class='ocrx_word' id='word_1_768' title='bbox 1688 5152 1719 5188; x_wconf 89' lang='lat' dir='ltr'><strong>eo</strong></span> <span class='ocrx_word' id='word_1_769' title='bbox 1734 5148 1843 5190; x_wconf 80' lang='lat' dir='ltr'><strong>naturae</strong></span> <span class='ocrx_word' id='word_1_770' title='bbox 1858 5129 1990 5203; x_wconf 72' lang='lat' dir='ltr'><strong>generalite-</strong></span> 
     </span>
     <span class='ocr_line' id='line_1_97' title="bbox 1230 5201 1989 5274; baseline 0.003 -22"><span class='ocrx_word' id='word_1_771' title='bbox 1230 5209 1293 5262; x_wconf 83' lang='lat' dir='ltr'><strong>tem‚</strong></span> <span class='ocrx_word' id='word_1_772' title='bbox 1303 5217 1382 5267; x_wconf 77' lang='lat' dir='ltr'><strong>quaint</strong></span> <span class='ocrx_word' id='word_1_773' title='bbox 1401 5218 1514 5255; x_wconf 76' lang='lat' dir='ltr'><strong>aratorum</strong></span> <span class='ocrx_word' id='word_1_774' title='bbox 1531 5202 1709 5257; x_wconf 79' lang='lat' dir='ltr'><strong>denutratiauir</strong></span> <span class='ocrx_word' id='word_1_775' title='bbox 1723 5205 1873 5274; x_wconf 67' lang='lat' dir='ltr'><strong>scripturae</strong></span> <span class='ocrx_word' id='word_1_776' title='bbox 1884 5201 1989 5255; x_wconf 79' lang='lat' dir='ltr'><strong>recitem.</strong></span> 
     </span>
     <span class='ocr_line' id='line_1_98' title="bbox 1230 5267 1988 5340; baseline -0.007 -20"><span class='ocrx_word' id='word_1_777' title='bbox 1230 5269 1338 5338; x_wconf 84' lang='lat' dir='ltr'><strong>ideoque</strong></span> <span class='ocrx_word' id='word_1_778' title='bbox 1359 5281 1440 5323; x_wconf 90' lang='lat' dir='ltr'><strong>tatum</strong></span> <span class='ocrx_word' id='word_1_779' title='bbox 1460 5289 1475 5323; x_wconf 91' lang='lat' dir='ltr'><strong>a</strong></span> <span class='ocrx_word' id='word_1_780' title='bbox 1492 5272 1566 5340; x_wconf 75' lang='lat' dir='ltr'><strong>justa</strong></span> <span class='ocrx_word' id='word_1_781' title='bbox 1582 5272 1673 5340; x_wconf 79' lang='lat' dir='ltr'><strong>jndice</strong></span> <span class='ocrx_word' id='word_1_782' title='bbox 1693 5274 1852 5335; x_wconf 79' lang='lat' dir='ltr'><strong>demnatum,</strong></span> <span class='ocrx_word' id='word_1_783' title='bbox 1867 5267 1988 5325; x_wconf 76' lang='lat' dir='ltr'><strong>mineatum</strong></span> 
     </span>
     <span class='ocr_line' id='line_1_99' title="bbox 1230 5336 1989 5411; baseline -0.005 -24"><span class='ocrx_word' id='word_1_784' title='bbox 1230 5336 1396 5402; x_wconf 72' lang='lat' dir='ltr'><strong>saluritatem,</strong></span> <span class='ocrx_word' id='word_1_785' title='bbox 1417 5355 1463 5393; x_wconf 86' lang='lat' dir='ltr'><strong>trea</strong></span> <span class='ocrx_word' id='word_1_786' title='bbox 1483 5343 1600 5409; x_wconf 80' lang='lat' dir='ltr'><strong>reparati</strong></span> <span class='ocrx_word' id='word_1_787' title='bbox 1620 5336 1694 5410; x_wconf 72' lang='lat' dir='ltr'><strong>porse</strong></span> <span class='ocrx_word' id='word_1_788' title='bbox 1707 5347 1817 5411; x_wconf 75' lang='lat' dir='ltr'><strong>penitus,</strong></span> <span class='ocrx_word' id='word_1_789' title='bbox 1838 5343 1884 5395; x_wconf 86' lang='lat' dir='ltr'><strong>niti</strong></span> <span class='ocrx_word' id='word_1_790' title='bbox 1897 5352 1938 5408; x_wconf 83' lang='lat' dir='ltr'><strong>per</strong></span> <span class='ocrx_word' id='word_1_791' title='bbox 1947 5347 1989 5385; x_wconf 82' lang='lat' dir='ltr'><strong>tre·</strong></span> 
     </span>
     <span class='ocr_line' id='line_1_100' title="bbox 1230 5406 1535 5463; baseline 0.016 -5"><span class='ocrx_word' id='word_1_792' title='bbox 1230 5406 1535 5463; x_wconf 81' lang='lat' dir='ltr'><strong>riintorirtrumiiitutrm.</strong></span> 
     </span>
    </p>

    <p class='ocr_par' dir='ltr' id='par_1_35' title="bbox 1233 5476 2057 5826">
     <span class='ocr_line' id='line_1_101' title="bbox 1274 5476 1986 5550; baseline -0.01 -19"><span class='ocrx_word' id='word_1_793' title='bbox 1274 5476 1284 5516; x_wconf 77' lang='lat'><strong><em>¹</em></strong></span> <span class='ocrx_word' id='word_1_794' title='bbox 1305 5478 1345 5531; x_wconf 79' lang='lat' dir='ltr'><strong>Aa</strong></span> <span class='ocrx_word' id='word_1_795' title='bbox 1368 5478 1435 5530; x_wconf 85' lang='lat' dir='ltr'><strong>baec</strong></span> <span class='ocrx_word' id='word_1_796' title='bbox 1449 5478 1611 5533; x_wconf 75' lang='lat' dir='ltr'><strong>eradentes</strong></span> <span class='ocrx_word' id='word_1_797' title='bbox 1623 5483 1776 5550; x_wconf 81' lang='lat' dir='ltr'><strong>respondet,</strong></span> <span class='ocrx_word' id='word_1_798' title='bbox 1791 5489 1869 5536; x_wconf 89' lang='lat' dir='ltr'><strong>totam</strong></span> <span class='ocrx_word' id='word_1_799' title='bbox 1884 5482 1986 5531; x_wconf 86' lang='lat' dir='ltr'><strong>naturam</strong></span> 
     </span>
     <span class='ocr_line' id='line_1_102' title="bbox 1235 5542 1986 5620; baseline 0.003 -21"><span class='ocrx_word' id='word_1_800' title='bbox 1235 5546 1389 5615; x_wconf 88' lang='lat' dir='ltr'><strong>deliquisse,</strong></span> <span class='ocrx_word' id='word_1_801' title='bbox 1406 5548 1569 5616; x_wconf 87' lang='lat' dir='ltr'><strong>perindeque</strong></span> <span class='ocrx_word' id='word_1_802' title='bbox 1594 5557 1677 5604; x_wconf 88' lang='lat' dir='ltr'><strong>totam</strong></span> <span class='ocrx_word' id='word_1_803' title='bbox 1692 5550 1877 5620; x_wconf 81' lang='lat' dir='ltr'><strong>quadammodo</strong></span> <span class='ocrx_word' id='word_1_804' title='bbox 1893 5542 1986 5620; x_wconf 48' lang='lat' dir='ltr'><strong>perisse</strong></span> 
     </span>
     <span class='ocr_line' id='line_1_103' title="bbox 1234 5614 2057 5690; baseline -0.002 -22"><span class='ocrx_word' id='word_1_805' title='bbox 1234 5614 1274 5669; x_wconf 87' lang='lat' dir='ltr'><strong>lle</strong></span> <span class='ocrx_word' id='word_1_806' title='bbox 1294 5630 1343 5685; x_wconf 90' lang='lat' dir='ltr'><strong>per</strong></span> <span class='ocrx_word' id='word_1_807' title='bbox 1355 5618 1407 5670; x_wconf 85' lang='lat' dir='ltr'><strong>liae</strong></span> <span class='ocrx_word' id='word_1_808' title='bbox 1421 5617 1564 5672; x_wconf 88' lang='lat' dir='ltr'><strong>liberatore</strong></span> <span class='ocrx_word' id='word_1_809' title='bbox 1584 5633 1644 5672; x_wconf 85' lang='lat' dir='ltr'><strong>eant</strong></span> <span class='ocrx_word' id='word_1_810' title='bbox 1669 5619 1796 5690; x_wconf 74' lang='lat' dir='ltr'><strong>indigere.</strong></span> <span class='ocrx_word' id='word_1_811' title='bbox 1811 5618 1865 5672; x_wconf 92' lang='lat' dir='ltr'><strong>Non</strong></span> <span class='ocrx_word' id='word_1_812' title='bbox 1884 5616 1946 5669; x_wconf 89' lang='lat' dir='ltr'><strong>enim</strong></span> <span class='ocrx_word' id='word_1_813' title='bbox 1964 5623 1986 5660; x_wconf 81' lang='lat' dir='ltr'><strong>to</strong></span> <span class='ocrx_word' id='word_1_814' title='bbox 2056 5624 2057 5653; x_wconf 74' lang='lat' dir='ltr'><strong>t</strong></span> 
     </span>
     <span class='ocr_line' id='line_1_104' title="bbox 1233 5685 1984 5756; baseline -0.007 -18"><span class='ocrx_word' id='word_1_815' title='bbox 1233 5685 1355 5754; x_wconf 78' lang='lat' dir='ltr'><strong>paruulis</strong></span> <span class='ocrx_word' id='word_1_816' title='bbox 1366 5685 1489 5740; x_wconf 78' lang='lat' dir='ltr'><strong>selenites</strong></span> <span class='ocrx_word' id='word_1_817' title='bbox 1503 5688 1616 5754; x_wconf 85' lang='lat' dir='ltr'><strong>peceati,</strong></span> <span class='ocrx_word' id='word_1_818' title='bbox 1628 5702 1696 5756; x_wconf 80' lang='lat' dir='ltr'><strong>quoe</strong></span> <span class='ocrx_word' id='word_1_819' title='bbox 1706 5690 1776 5745; x_wconf 85' lang='lat' dir='ltr'><strong>troiia</strong></span> <span class='ocrx_word' id='word_1_820' title='bbox 1786 5698 1836 5753; x_wconf 89' lang='lat' dir='ltr'><strong>est,</strong></span> <span class='ocrx_word' id='word_1_821' title='bbox 1849 5686 1893 5741; x_wconf 86' lang='lat' dir='ltr'><strong>sed</strong></span> <span class='ocrx_word' id='word_1_822' title='bbox 1904 5689 1984 5737; x_wconf 72' lang='lat' dir='ltr'><strong>namu</strong></span> 
     </span>
     <span class='ocr_line' id='line_1_105' title="bbox 1234 5756 1631 5826; baseline 0.008 -19"><span class='ocrx_word' id='word_1_823' title='bbox 1234 5759 1379 5823; x_wconf 79' lang='lat' dir='ltr'><strong>damnatae</strong></span> <span class='ocrx_word' id='word_1_824' title='bbox 1388 5756 1500 5825; x_wconf 85' lang='lat' dir='ltr'><strong>originis</strong></span> <span class='ocrx_word' id='word_1_825' title='bbox 1510 5756 1631 5826; x_wconf 89' lang='lat' dir='ltr'><strong>punitur.</strong></span> 
     </span>
    </p>
   </div>
   <div class='ocr_carea' id='block_1_30' title="bbox 0 0 2088 6625">
    <p class='ocr_par' dir='ltr' id='par_1_36' title="bbox 0 0 2088 6625">
     <span class='ocr_line' id='line_1_106' title="bbox 0 0 2088 6625; baseline 0 0"><span class='ocrx_word' id='word_1_826' title='bbox 0 0 2088 6625; x_wconf 95' lang='lat' dir='ltr'><strong> </strong></span> 
     </span>
    </p>
   </div>
  </div>
 </body>
</html>
