4167 6625
324 427 387 484 unt»
734 425 738 432 ”
770 425 774 431 ’
1018 416 1161 473 10ntsttts
1178 412 1277 473 scoti

324 533 455 607 inparuit,
470 534 515 588 sect
535 530 654 586 sensibus
670 541 759 580 eorum
776 540 825 598 pro
847 539 904 579 meo
929 535 1005 594 captu
1023 542 1095 580 meae
1107 522 1259 595 pusillitatis
1271 524 1398 580 ueraciter
1411 526 1520 580 obuiam.
1542 545 1550 576 s

360 630 461 684 Deinde
482 626 569 697 rapite
593 624 680 693 primo
702 621 728 675 in
745 609 878 675 ioannem
893 618 1003 675 Scotum
1019 619 1155 674 inuehitur
1166 619 1209 673 his
1225 619 1331 674 ternis:

359 724 540 792 Blasphesnias
560 732 630 783 tuas,
644 718 773 787 ioannes,
794 727 871 785 atque
894 714 1078 784 impudentias,
1094 712 1186 782 quibus
1200 712 1227 765 in
1242 710 1290 765 Dei
1303 711 1444 780 qratuitam
1457 710 1568 782 qratiam
1580 710 1763 784 jttstitiamque
1776 711 1952 781 inhesihilent

325 831 423 880 procae
438 810 571 875 insultetis,
588 820 785 879 percursotaae
810 801 982 875 perversitatis
1011 800 1088 864 libro,
1108 815 1182 870 quem
1203 798 1250 852 sub
1273 800 1376 852 nomine
1397 799 1533 868 cujusdam
1555 793 1700 851 Gotcscalci
1719 799 1843 853 aduersas
1858 815 1954 852 omncs

328 907 465 962 :atisclicos
476 905 602 975 effudisti,
617 921 646 957 eo
659 901 791 956 molestius
804 897 901 967 accepi,
917 911 969 966 qua
990 903 1014 947 te
1031 892 1190 962 familiarius
1210 891 1391 960 amplectebar,
1405 890 1562 957 peculiarius
1582 891 1730 961 diliqeham,
1750 896 1844 963 quippe
1860 895 1955 963 quiin

327 1013 425 1056 tarrtum
438 1000 558 1055 vesaniae
570 998 727 1069 proruperis,
740 1004 768 1048 ut
779 992 958 1064 pronissimam
970 997 1121 1042 sanctarum
1136 983 1331 1062 scripturarum
1344 985 1524 1037 auctoritatem
1536 984 1586 1037 tais
1596 986 1682 1053 pranis
1694 986 1956 1056 interpretationibus

327 1096 499 1165 detorqueres,
510 1107 635 1160 sensaque
656 1088 843 1143 catlroiicorunt
870 1084 980 1138 Potrunt
1003 1083 1129 1152 peruersis
1152 1079 1302 1133 innectenda
1330 1080 1447 1133 sensibus
1469 1080 1604 1144 edoceres,
1631 1082 1755 1134 nitnirunt
1779 1081 1953 1150 quadrivium

327 1188 454 1259 quoddam
476 1185 549 1238 nobis
569 1181 729 1251 intelliqendi
746 1179 895 1249 Scripturas
915 1173 1137 1254 apissqens3quad
1160 1169 1252 1224 Patres
1276 1172 1367 1238 nostri,
1392 1171 1506 1225 uidelicet
1529 1187 1618 1226 omnes
1638 1172 1759 1226 catholici
1783 1182 1954 1240 tractatores,

326 1286 411 1340 lirino
426 1286 590 1351 hamanaque
606 1276 732 1347 sapientia
748 1274 949 1344 praeiulqentcs,
970 1286 1029 1325 curn
1049 1267 1132 1323 multo
1146 1267 1320 1322 eruditissime
1341 1266 1593 1337 luculentissimeque
1615 1268 1722 1322 caelitus
1746 1268 1846 1333 imbuti,
1871 1284 1957 1338 espo-

326 1380 422 1443 aenda,
435 1385 513 1446 atque
525 1372 687 1442 intelliqeadi
702 1371 804 1440 requlas
814 1369 954 1436 moriorque
968 1365 1127 1420 locationum
1140 1362 1294 1431 ntnltiplices
1315 1365 1452 1433 aperiendo
1467 1363 1627 1433 reliquerint,
1645 1362 1672 1416 in
1691 1362 1784 1434 quibus
1798 1361 1898 1416 nuliam
1911 1360 1962 1417 tssi

325 1471 454 1542 quadrivii
475 1469 630 1523 mentionem
643 1466 734 1534 iecisse
754 1463 907 1534 probantur,
926 1462 1028 1530 penitus
1046 1468 1263 1528 contempserunt,
1278 1466 1447 1528 proponentes
1470 1459 1542 1511 nobis
1555 1456 1670 1510 uidelicet
1685 1467 1708 1511 et
1724 1457 1805 1513 multo
1819 1458 1954 1524 ntelioces,

325 1567 478 1629 sanctiores,
494 1562 673 1631 doctioresque
684 1561 748 1623 rias,
768 1573 879 1627 quarunt
892 1555 1062 1625 opitulatione
1076 1552 1180 1606 subniti
1194 1561 1218 1605 ct
1232 1551 1396 1618 stropharum
1407 1560 1512 1605 tuorum
1532 1548 1702 1619 faeculentias
1721 1549 1827 1614 euitare,
1840 1561 1864 1607 et
1876 1553 1956 1622 pssri-

326 1669 404 1712 tatem
418 1657 624 1723 sintplicissimac
637 1654 699 1722 fidei
712 1651 864 1706 clarissimis
877 1666 907 1704 ac
917 1649 1077 1702 saeuissimis
1095 1646 1210 1717 [antibus
1224 1646 1331 1699 haurire
1344 1655 1367 1699 et
1380 1646 1519 1716 propitiare
1538 1644 1681 1704 innomine
1695 1653 1719 1697 ct
1731 1643 1862 1713 adiutorio
1874 1647 1956 1700 ausi·

326 1751 446 1819 liatricis,
458 1750 510 1802 ituo
525 1747 709 1817 praeventricis
725 1745 825 1815 qratioe
835 1742 885 1796 Dei
894 1743 1034 1812 passienus.

365 1840 421 1895 Nec
435 1840 533 1894 leniter
551 1854 612 1892 eunt
628 1837 723 1891 eodem
735 1834 851 1904 capitulo
863 1832 943 1903 paula
962 1841 1021 1900 post
1038 1831 1077 1886 sic
1092 1830 1214 1900 increpat
1229 1847 1236 1883 ε

362 1932 488 2000 Quantait
500 1949 552 1987 non
567 1932 725 2002 iquoremus,
737 1937 872 1998 praecepto
884 1927 991 1980 Domini
1010 1944 1072 1981 uasa
1092 1942 1173 1979 aurea
1191 1935 1267 1996 atquc
1280 1934 1411 1995 arqentea,
1433 1926 1590 1997 vestiumque
1610 1942 1642 1980 ac
1665 1941 1826 1998 qentmarum
1850 1930 1956 1984 sanast

325 2028 543 2099 palchritudinem
563 2025 737 2094 abheqqptiis
757 2032 887 2087 sstsrtuata,
908 2021 964 2089 ejas
976 2017 1145 2090 tabernaculo
1166 2017 1248 2086 fuisse
1268 2017 1366 2084 oblata,
1390 2028 1414 2072 et
1432 2035 1488 2074 esse
1508 2019 1624 2075 devotius
1644 2020 1796 2089 offerenda,·
1812 2024 1956 2087 teremit,

325 2125 526 2193 quotiescunque
540 2130 630 2174 contra
645 2136 687 2172 cos
700 2118 743 2190 aqi
755 2133 856 2169 santam
876 2114 1014 2168 necessitas
1035 2113 1126 2182 coepit,
1149 2112 1192 2184 qui
1207 2111 1302 2165 talibus
1319 2111 1405 2179 inpiati
1423 2111 1604 2181 ploriabantur
1622 2112 1650 2167 in
1670 2118 1828 2172 annualibus
1846 2119 1912 2184 suis,
1929 2129 1957 2174 et

324 2218 515 2287 simplicitatem
526 2223 629 2269 nostrae
641 2214 704 2283 fidei
714 2212 851 2266 stultitiam
870 2210 1040 2281 deputabant,
1054 2208 1158 2278 exsequi
1179 2224 1225 2276 pro
1239 2217 1351 2275 ternpore
1365 2222 1418 2261 nou
1436 2217 1473 2261 est
1487 2205 1636 2272 inhibitum,
1654 2207 1699 2263 sed
1710 2212 1826 2280 fideliter
1834 2216 1955 2284 pratea·

324 2321 413 2382 terque
428 2328 444 2365 a
459 2309 582 2362 Patribus
594 2317 758 2378 usurpatum.
772 2307 811 2359 Tu
827 2316 913 2359 autem
926 2322 942 2357 a
953 2304 1084 2358 contrario
1097 2302 1130 2356 de
1146 2302 1200 2371 pide
1219 2303 1344 2355 adt-ersus
1365 2299 1463 2369 fideles,
1485 2301 1564 2355 nullis
1581 2303 1782 2376 sophismatibus
1803 2308 1945 2364 innitentes

325 2407 500 2478 impudentius
514 2404 638 2466 scribens,
652 2418 732 2472 qnare
751 2401 785 2452 acl
799 2399 940 2468 sophistica
953 2407 977 2450 te
990 2395 1161 2449 deliramento
1174 2395 1298 2449 acturis?
1311 2394 1344 2447 in
1361 2405 1480 2464 prosapta
1493 2406 1530 2448 est
1542 2396 1665 2450 ninu'rum
1674 2397 1823 2466 jactantiae
1833 2403 1956 2464 uadens,

325 2512 349 2555 et
363 2517 414 2554 non
421 2500 479 2569 jam
490 2497 669 2569 philosophus,
684 2494 729 2548 sed
744 2491 919 2564 plulocompos
935 2490 1017 2543 uideri
1032 2499 1162 2558 appetens,
1180 2504 1211 2541 ea
1225 2487 1298 2540 nobis
1313 2487 1428 2557 inperare
1447 2486 1575 2557 deleqisti,
1589 2505 1655 2559 quae
1670 2494 1770 2546 anullo
1786 2505 1903 2551 nostrum
1916 2498 1957 2552 rel

326 2590 447 2662 intelliqi,
461 2593 498 2646 uel
512 2589 679 2660 deprehendi,
690 2585 728 2641 uel
743 2596 810 2640 certe
820 2584 950 2654 confutari
963 2598 1036 2651 posse
1051 2580 1214 2643 credideras,·
1225 2590 1248 2633 et
1266 2581 1329 2633 dant
1346 2580 1433 2633 studes
1449 2578 1551 2648 plaeere
1564 2582 1719 2652 hominibus,
1733 2590 1827 2659 quina,
1839 2592 1867 2646 tn
1880 2596 1956 2647 Μ,

326 2704 381 2741 esse
398 2700 515 2749 nacerat,
528 2684 551 2737 si
565 2693 652 2735 tamen
663 2677 722 2736 sunt
738 2679 829 2749 aliqui,
842 2677 910 2748 quod
927 2683 1026 2730 auertat
1041 2675 1134 2740 ueritas
1148 2671 1312 2744 sempiterna,
1331 2689 1492 2744 nequaquam
1511 2673 1549 2729 uel
1570 2677 1670 2741 curisti,
1688 2682 1726 2736 rel
1744 2685 1893 2753 sormidam·
1912 2688 1959 2742 tm

327 2780 473 2849 displicere,
491 2761 524 2831 de
537 2792 588 2847 qao
607 2790 685 2843 super
704 2757 800 2827 talibas
821 2773 944 2843 propheto
969 2769 1121 2823 intemando
1139 2768 1273 2839 praedicit.
1294 2767 1425 2836 Quoniam
1449 2768 1520 2824 aeta
1537 2769 1678 2841 dissipauit
1691 2787 1754 2832 assa
1780 2793 1885 2846 aarum,
1907 2783 1956 2851 qni

325 2875 481 2931 homitibus
502 2873 624 2943 placeam
640 2868 742 2924 confusi
753 2875 825 2932 sunt,
840 2865 967 2937 quoniam
980 2863 1052 2918 Deus
1067 2863 1168 2931 spreuit
1181 2878 1238 2918 eos.
1263 2861 1318 2915 Nec
1338 2863 1452 2917 metuisti
1474 2877 1533 2916 cuns
1548 2864 1638 2918 sartan
1662 2882 1770 2925 auream
1791 2871 1908 2943 requiam
1920 2891 1956 2929 ee

327 2968 528 3024 lliericonthine
542 2967 707 3022 anathemate
718 2973 806 3019 contra
821 2960 958 3016 inhibitum
969 2960 1062 3014 eastris
1074 2958 1216 3014 Dominicis
1233 2958 1341 3026 interce,
1351 2957 1512 3027 jontjanrquc
1525 2971 1583 3011 eum
1605 2958 1661 3028 ipso
1677 2972 1832 3020 sententiam
1849 2967 1956 3024 sinim

326 3062 570 3123 animaduersionis,
586 3060 636 3115 nisi
655 3059 732 3112 citius
753 3056 885 3111 humiliter
901 3052 1073 3125 resipiscendo
1093 3053 1260 3123 poenitueris,
1278 3052 1522 3111 nteritosuhiturus.
1539 3050 1696 3129 Quicunque
1709 3060 1777 3114 enim
1790 3061 1955 3130 propheticas

326 3157 364 3212 rel
376 3157 531 3228 apostolicas
545 3155 617 3210 nabis
631 3154 730 3208 litteras
744 3152 881 3222 dilipenter
898 3149 1007 3205 scrutati
1028 3157 1100 3214 sunt,
1115 3148 1237 3203 strantes
1254 3146 1445 3215 intellexerunt,
1466 3150 1579 3218 fideliter
1592 3152 1749 3216 enodarunt,
1760 3151 1882 3208 abstruse
1894 3172 1956 3224 ape·

326 3253 432 3317 rieures,
447 3250 525 3321 plana
544 3257 708 3310 exornantes,
722 3245 895 3299 nodosissima
913 3243 1088 3306 enucleantes,
1102 3241 1242 3313 allsqoriea
1263 3242 1419 3314 deteqentes,
1433 3245 1482 3300 hoc
1500 3248 1662 3317 potissimum
1682 3256 1841 3318 sotherunt,
1861 3258 1890 3303 ut
1905 3251 1953 3305 illo

325 3348 448 3418 loquendi
462 3362 552 3418 qencre
565 3361 643 3416 quant
657 3344 773 3396 masinae
787 3349 929 3404 uterentur,
940 3355 991 3409 quo
1006 3340 1085 3392 ctiam
1100 3356 1117 3392 a
1131 3338 1331 3408 simplicioribus
1344 3341 1440 3412 absque
1461 3345 1532 3414 praui
1550 3343 1718 3414 difficultate,
1738 3359 1803 3414 quac
1820 3344 1858 3400 ecl
1875 3348 1956 3400 audi·

326 3454 393 3510 rent,
409 3443 446 3498 uei
460 3442 755 3514 leqerent,caperentur.
773 3434 849 3500 Quod
870 3448 929 3486 cum
948 3431 981 3485 ab
994 3431 1120 3486 omnibus
1140 3432 1244 3501 preside
1265 3433 1343 3502 luerit
1360 3434 1536 3501 obseruatum,
1555 3436 1692 3507 praecipue
1716 3437 1856 3495 temtans·
1875 3451 1954 3511 atque

325 3535 560 3607 dactsssimipotris
571 3533 721 3603 hupustini,
734 3528 895 3583 uenerandac
916 3527 1057 3580 memoriae
1078 3527 1200 3595 episcopi,
1221 3528 1352 3596 opusculis
1376 3527 1515 3599 specialius
1534 3528 1665 3595 elucescit,
1685 3546 1753 3602 quae
1776 3533 1808 3586 de
1831 3520 1954 3591 dodana

326 3632 477 3687 Christiane
489 3628 644 3698 composuit,
656 3626 682 3678 in
695 3622 788 3694 quibus
801 3620 839 3676 uel
855 3622 966 3675 maxime
976 3630 1081 3673 tuorum
1095 3619 1190 3690 tibique
1207 3621 1332 3675 similium
1345 3622 1468 3693 fiqmenta
1480 3634 1657 3694 portentorum
1669 3625 1782 3680 caaessda
1794 3638 1817 3681 et
1826 3628 1952 3698 [spicaria

325 3727 506 3782 eruditissima
527 3720 673 3775 humilitate
684 3716 881 3780 humillimaque
889 3715 1035 3769 eruditione
1045 3722 1069 3768 et
1078 3715 1165 3768 sonuit
1176 3724 1200 3768 et
1209 3714 1307 3769 docuit.
1320 3714 1428 3771 Necnon
1443 3718 1545 3784 inillis,
1562 3735 1626 3788 quos
1639 3721 1818 3789 quaestionum
1832 3722 1870 3777 sel
1882 3723 1954 3778 locst·

326 3824 425 3875 tionum
439 3814 579 3888 Eptuteuei
591 3810 703 3867 mirabili
720 3810 893 3864 elucidatione
910 3819 1031 3863 moratos
1044 3808 1146 3862 nonsine
1159 3808 1238 3862 saluit
1252 3811 1410 3879 praenotari.
1425 3810 1706 3885 Rectissiatusquaque
1719 3814 1953 3888 hieronymusin

326 3914 477 3984 linquarum
488 3918 564 3978 atque
574 3905 700 3959 librorum
712 3904 805 3959 litteris
814 3901 1052 3974 incomparabiliter
1060 3902 1188 3969 eruditus,
1196 3903 1223 3956 in
1233 3903 1361 3969 ontnibus,
1372 3914 1425 3959 tam
1437 3892 1601 3977 propheticis,
1612 3923 1690 3977 quant
1705 3914 1850 3979 apostolicis
1861 3916 1952 3985 espla-

327 4004 489 4069 nationihus,
502 4002 530 4055 id
543 4000 592 4056 sibi
602 4014 763 4068 summopere
775 3998 855 4052 studii
868 3998 948 4067 faisse
962 3997 1077 4066 camdus
1090 3996 1238 4066 replicando
1253 3998 1377 4064 inculcat,
1392 4000 1477 4055 malle
1486 4018 1533 4071 per
1550 4019 1577 4056 se
1591 4014 1741 4059 sanctarum
1755 4008 1951 4079 scripturarum

326 4100 396 4153 dicta
407 4098 527 4169 intelliqi,
540 4112 619 4167 quom
633 4096 763 4149 rhetorum
775 4093 955 4149 comraaersiis
967 4093 1100 4148 inseruire.
1117 4092 1264 4148 instructus
1275 4095 1392 4177 uidelicet
1405 4098 1532 4153 tremendi
1547 4100 1647 4169 judicis
1658 4103 1772 4168 uerbere,
1785 4122 1836 4175 quo
1848 4120 1954 4177 propter

327 4193 435 4247 nimiam
455 4190 587 4246 Ciceronis
597 4191 730 4244 lectionem
741 4189 870 4244 adductus
879 4189 1024 4258 acriterque
1035 4203 1127 4241 caesus
1138 4187 1242 4242 tandem
1255 4188 1478 4247 circumstantiam
1490 4195 1607 4263 precibus
1623 4195 1755 4262 liberatus,
1769 4199 1906 4267 parauerat
1925 4218 1953 4256 se

326 4283 458 4341 Ciceronis
472 4286 551 4341 libros
564 4300 696 4356 nunquam
713 4283 745 4338 de
763 4292 845 4337 cetero
857 4283 1060 4347 meditaturum,
1081 4297 1213 4353 nunquam
1235 4282 1371 4351 lecturum,
1391 4282 1454 4357 quin
1471 4288 1580 4357 epistola
1599 4291 1634 4344 ad
1655 4288 1764 4347 Galatas
1778 4303 1952 4362 contemptum

325 4380 405 4451 hujus
420 4379 603 4451 disputationis
615 4380 652 4433 ita
666 4364 935 4447 deprompsit,'dicens
948 4386 1002 4432 cet.

359 4476 453 4546 Capite
467 4476 546 4532 tertio
567 4477 634 4530 tsaec
656 4482 772 4539 exstant,
790 4473 887 4543 qtsihus
913 4472 1057 4543 colligitur,
1075 4470 1206 4527 loannem
1229 4472 1338 4531 Scotum
1363 4476 1563 4536 ecclesiastieae
1585 4480 1723 4552 dignitatis
1743 4484 1874 4554 gradihus
1898 4501 1950 4542 nou

326 4568 409 4623 luisse
422 4566 576 4639 insignitum
594 4583 600 4618 :
620 4564 686 4630 Quis
703 4574 727 4618 te
743 4564 894 4630 barbarum,
924 4575 947 4617 et
968 4562 1056 4616 aulius
1069 4562 1258 4619 ecclesiasticae
1278 4565 1412 4637 diqnitatis
1426 4571 1550 4640 praelibas
1562 4573 1730 4643 ‚insiqnitum
1744 4591 1792 4629 nee
1808 4593 1949 4648 unquama

324 4663 458 4716 catholicis
469 4659 801 4731 insiqnieadam,aduersus
810 4656 1022 4712 Romanaeurbis
1033 4665 1059 4710 et
1068 4656 1225 4726 apostolicae
1233 4659 1643 4734 sedisantistiteatGreparium...
1657 4671 1748 4724 emtas
1755 4672 1927 4731 oblatrantem
1939 4678 1950 4731 .'

360 4757 454 4825 Capite
468 4755 573 4810 decimo
583 4764 680 4824 qttnrto
692 4754 853 4811 prurulentias
866 4770 927 4809 curn
941 4754 1116 4809 acerbissima
1131 4753 1217 4810 ironia
1231 4774 1237 4809 ε

362 4846 398 4899 Te
413 4845 508 4907 solans,
521 4844 617 4911 inquit,
632 4844 746 4896 cranium
762 4844 940 4897 acutissimum
954 4840 1057 4897 Galliae
1074 4847 1218 4900 transmisit
1232 4845 1367 4912 Hibernia,
1381 4856 1419 4913 ut,
1434 4866 1502 4920 quae
1518 4850 1606 4907 nulius
1618 4852 1715 4926 absque
1725 4866 1750 4912 te
1762 4859 1949 4932 seirepotcrot‚

326 4935 378 4994 lats
394 4937 582 4993 eruditionibus
595 4938 730 4990 obtineret.
748 4935 800 4991 Sed
814 4938 890 4999 absit,
912 4949 941 4992 ut
958 4938 1055 4993 Celtica
1070 4939 1216 5011 eloquentia
1228 4952 1265 4997 tot
1278 4945 1407 5014 tantisque
1416 4946 1555 5014 hunorum
1566 4950 1785 5008 earundatianibsss
1799 4965 1859 5010 tuas
1874 4958 1950 5012 nubi·

326 5037 436 5091 lotiones
451 5035 589 5097 admittat,
605 5031 721 5102 quamuis
742 5029 907 5086 Gltristianae
928 5032 1082 5087 humilitatis
1101 5036 1241 5092 eminentia
1262 5039 1386 5093 alterutro
1412 5043 1528 5096 ceritum
1549 5044 1630 5114 afficio
1655 5046 1766 5102 uicissim
1787 5053 1949 5121 suppeditari

326 5129 432 5182 minime
444 5126 589 5197 prohibeat,
603 5125 682 5178 immo
697 5125 865 5189 undecunque
884 5125 1048 5178 commodum
1072 5127 1191 5192 luceru,
1207 5129 1371 5199 alternatim,
1394 5151 1461 5204 quae
1476 5146 1545 5190 recta
1560 5149 1639 5199 sacrat.
1655 5140 1771 5196 celtiberi
1785 5158 1946 5213 pescessseat.

361 5219 482 5288 Denique
497 5214 635 5269 Prudentii
650 5212 717 5267 liher
730 5213 822 5267 intritus
835 5212 877 5267 his
891 5212 999 5267 uerbis:

361 5302 435 5369 llaec
463 5322 500 5368 cst
527 5296 616 5363 nos'tro
638 5308 724 5377 fides,
749 5308 812 5377 quia
842 5307 906 5361 hacc
932 5316 973 5360 est
1003 5323 1082 5372 nero,
1113 5309 1274 5376 prophetica,
1300 5309 1458 5377 apostolica,
1479 5312 1623 5367 orthodoxa
1638 5325 1715 5386 atque
1731 5319 1949 5391 catholicandus.

328 5411 451 5465 Poteram
480 5407 584 5478 quidem
600 5417 622 5457 et
657 5405 711 5473 ipsc
743 5403 790 5457 tibi
816 5403 901 5458 dicere
925 5403 1084 5466 anathema,
1109 5404 1159 5457 nisi
1183 5415 1356 5473 respectarem
1378 5415 1402 5458 et
1434 5405 1538 5460 mallem
1563 5419 1586 5462 et
1612 5420 1726 5479 optarem
1748 5415 1785 5466 tui
1810 5420 1949 5472 correctio-

326 5520 403 5567 nem,
425 5517 505 5573 quam
531 5499 710 5570 perditionem.
730 5496 852 5552 'Proinde
883 5498 997 5552 nondum
1020 5500 1048 5552 ia
1078 5509 1102 5553 tc
1136 5501 1296 5554 saturitatem
1329 5502 1501 5556 anathematis
1529 5502 1655 5571 jaculor,
1687 5509 1811 5575 quoniam
1839 5512 1948 5575 hortor,

327 5617 438 5663 moneo,
465 5607 490 5651 et
514 5596 573 5649 totis
599 5596 685 5651 cordis
707 5594 843 5664 affectibus
865 5609 948 5663 rapo,
977 5604 1005 5647 ut
1036 5604 1152 5665 respectu
1177 5611 1304 5665 supernae
1325 5596 1426 5666 qratine
1449 5597 1605 5666 resipiscas,
1633 5608 1656 5653 et
1679 5617 1695 5652 a
1715 5613 1769 5655 tans
1793 5602 1885 5657 laetali
1908 5621 1949 5658 oe·

327 5704 399 5748 tereto
424 5694 529 5747 tandem
550 5692 670 5762 eriqilcs,
693 5701 717 5745 et
740 5691 809 5762 quod
823 5689 972 5744 Cirristiana
986 5691 1204 5759 paritatscntiat,
1223 5691 1344 5761 emeritas
1369 5678 1514 5757 benevolus,
1541 5694 1647 5748 humilis
1664 5694 1853 5765 apprehendas,
1879 5696 1948 5749 uritis

329 5785 485 5852 acquiescas,
502 5798 652 5842 mastructus
663 5787 777 5850 secteris,
792 5785 897 5839 duratas
908 5793 1006 5849 teneas,
1016 5793 1040 5838 et
1054 5783 1140 5853 fidelis
1150 5784 1177 5839 itt
1188 5784 1308 5840 omnibus
1320 5787 1478 5841 cereostatis.
1506 5784 1630 5843 liclinaue
1648 5788 1812 5842 orticaria-iam
1824 5789 1946 5842 sanitatis
