4167 6625
380 485 433 539 ase
1001 534 1009 549 ‚
1063 485 1203 543 roauuts
1223 485 1327 562 soora]
1952 483 2010 538 aaa

380 595 454 651 Haec
476 594 549 651 enim
573 595 680 650 sibimet
711 594 836 666 videntur
867 597 1063 653 contradicere.
1094 597 1163 654 bito.
1178 600 1271 671 Agita
1292 598 1428 670 TlreoIogo
1455 599 1531 655 nobis
1543 597 1682 653 verissime
1691 604 1772 666 atque
1783 595 2013 665 ¹¹probatissime

400 696 461 740 aute
477 684 547 755 uigil·
578 701 584 749 ;
606 699 667 738 nam
682 693 710 740 et
722 685 772 739 hoc
784 685 959 755 inquisitione
976 686 1086 758 dignum
1102 702 1163 742 esse
1196 690 1199 696 '
1215 688 1346 746 suadente
1360 691 1466 745 diuinae
1482 689 1592 745 unitatis
1607 696 1686 758 atque
1711 687 1841 742 trinitatis
1860 687 2010 758 mysteria.

377 773 464 829 video.
510 789 559 829 rso.
577 773 692 845 Dignum
710 774 840 842 prolecto.
860 773 930 832 naa.
943 775 1162 862 btteuchquc
1214 779 1259 833 Ait
1271 779 1353 844 cuim,
1367 778 1439 834 nulla
1453 779 1597 844 uerborum,
1608 794 1653 832 acu
1664 777 1808 842 nominum,
1821 792 1867 831 acu
1884 793 2014 847 quacu-

375 864 404 919 in
419 879 462 930 ea,
477 880 546 935 qaae
567 873 715 934 sequuntur
733 867 751 928 ¹,
771 865 923 936 mentisque
936 839 1084 922 constituar
1100 866 1163 922 bnic
1214 885 1263 938 qne
1275 869 1431 925 articulatae
1445 871 1512 924 nocio
1527 868 1727 938 significatione,
1740 883 1869 921 summam
1885 868 2014 925 madum

375 956 452 1012 brevi
474 955 644 1026 responsioni
666 956 938 1012 accommodatius.
957 955 1101 1024 Praecede,
1120 958 1162 1012 in·
1214 967 1289 1023 algare
1302 957 1433 1012 causalem
1446 958 1581 1012 eareruiam
1594 972 1668 1026 poste
1679 955 1833 1026 signficatd.
1855 954 1914 1010 Non
1929 956 2013 1011 eninr

375 1053 464 1101 tentus
478 1046 638 1116 subsequar.
665 1044 735 1102 blac.
751 1046 875 1101 Divinam
891 1055 1015 1102 naturam
1030 1049 1163 1102 universi·
1214 1057 1256 1104 est
1279 1050 1368 1104 unitas
1390 1064 1477 1120 neque
1500 1049 1606 1103 trinitas
1631 1046 1701 1112 talis,
1716 1046 1803 1116 quatis
1825 1045 1861 1101 ab
1882 1048 2015 1104 bumana

376 1136 438 1191 tatis
450 1129 626 1190 conditricem
645 1149 705 1191 esse
723 1150 777 1190 non
796 1135 912 1191 dubitas.
935 1137 1006 1192 Drsc.
1019 1137 1117 1228 Q
1129 1137 1162 1191 ad
1214 1142 1338 1210 quamvis
1352 1142 1495 1212 purissimo
1509 1139 1639 1211 cogitari,
1662 1148 1709 1193 aut
1727 1137 1849 1208 angelico
1863 1137 2014 1194 intelieetu

373 1236 478 1293 cetera;
498 1227 561 1282 binc
579 1227 651 1282 enirn
672 1227 808 1283 haesitare
829 1227 905 1284 nelas
925 1239 976 1284 est.
996 1228 1164 1297 blangiani·
1213 1233 1263 1286 etsi
1287 1232 1459 1287 serenissimo
1480 1228 1645 1287 considerari
1669 1237 1769 1297 potest.
1793 1226 1843 1283 Sed
1866 1238 1897 1283 ut
1916 1229 1956 1283 de
1980 1245 2014 1284 re

371 1286 533 1399 lffieanr]
554 1317 565 1347 ¹
587 1332 603 1372 a
626 1317 700 1372 nullo
722 1317 819 1381 creari,
844 1318 897 1373 lide
919 1329 1000 1396 atque
1023 1317 1161 1373 intellectu
1213 1319 1340 1376 ineffabili
1365 1330 1446 1391 atque
1468 1318 1730 1390 incomprebensibili
1755 1318 1874 1388 religiosi
1894 1319 2013 1388 piorum

372 1408 499 1476 percipis.
520 1406 594 1460 Drsc.
617 1405 690 1460 Nibil
712 1406 769 1462 ¹eo
784 1408 898 1463 tirmius.
923 1407 993 1464 blao.
1019 1407 1162 1483 Norrfflo
1213 1411 1365 1467 animorum
1392 1420 1480 1467 molus
1512 1411 1613 1482 aliquid
1641 1412 1761 1481 cogitare
1790 1424 1822 1463 ac
1872 1411 2015 1465 aedicere

372 1498 498 1568 ambigis,
515 1498 577 1553 dnm
594 1471 958 1567 iffim‘riaddiffnon
978 1501 1013 1554 ab
1031 1498 1094 1564 alia,
1115 1498 1163 1554 sed
1193 1563 1195 1568 ,
1212 1510 1332 1572 possent,
1348 1502 1465 1557 maxime
1478 1510 1587 1571 propter
1600 1514 1657 1564 eos,
1674 1498 1719 1568 qui
1733 1426 1900 1553 causatio
1920 1499 2014 1553 Reli·

372 1592 496 1661 aseipsa
519 1589 531 1621 '⁵
553 1591 651 1645 creari.
676 1592 750 1647 Drsc.
772 1591 830 1646 Non
855 1591 969 1662 ambigo.
995 1590 1065 1647 Mac.
1092 1590 1160 1657 puta
1213 1592 1299 1662 gionis
1313 1592 1443 1647 rationem
1457 1606 1472 1645 a
1486 1579 1632 1647 Catholicis
1654 1577 1728 1644 'viris'
1741 1577 1865 1657 ciig'nrrt,
1880 1589 1943 1642 sive
1967 1589 2014 1641 di-

356 1680 471 1762 3in
484 1678 578 1735 Nonne
591 1694 698 1749 semper
712 1679 775 1752 [est]
797 1679 929 1745 'creans
954 1679 1010 1735 sive
1032 1679 1158 1749 seipsam,
1212 1656 1966 1752 scenddeveriffiratiassi'bonisintmircmaundac
1982 1687 2012 1731 ct

370 1767 428 1823 sive
440 1782 456 1822 a
467 1782 497 1823 se
507 1776 612 1823 creatas
625 1768 758 1824 essentias
769 1768 919 1824 creaverit?
941 1767 1008 1823 iiam
1020 1784 1082 1824 curn
1095 1768 1161 1823 dici·
1212 1769 1637 1840 reprehendendae¹¹occasioue,
1646 1771 1669 1824 si
1685 1769 1759 1834 mali,
1771 1769 1837 1824 baec
1843 1768 1982 1838 religiosa
1988 1769 2013 1800 ¹¹

371 1869 416 1915 tur
435 1860 553 1928 seipsam
574 1872 678 1924 creare,
703 1856 874 1936 Q
894 1865 966 1913 recte
989 1857 1158 1928 intelligitur,
1212 1857 1274 1914 lidei
1289 1859 1438 1931 symbolica
1451 1861 1561 1916 rerbaa
1578 1859 1679 1914 salvetis
1694 1857 1836 1928 'ibeologis
1848 1866 1879 1913 et
1893 1870 2011 1928 reperta

363 1949 431 2034 Q
440 1958 551 2005 naturas
566 1937 661 2004 rerum
672 1948 798 2003 condere.
815 1948 1028 2032 ipsiuqune
1043 1948 1155 2013 creatio,
1170 1941 1195 2002 B
1208 1959 1236 2006 et
1258 1951 1357 2005 tradita
1376 1959 1448 2014 sunt,
1467 1960 1497 2004 ut
1523 1950 1603 2006 corde
1627 1949 1779 2014 credamus,
1804 1957 1833 2004 ct
1849 1964 1902 2005 ore
1916 1950 2011 2004 conb-

363 2040 483 2120 Μ
498 2040 525 2095 in
539 2038 628 2109 aliquo
641 2037 833 2102 manifestatio,
851 2040 970 2093 omnium
984 2038 1157 2094 existentium
1191 2047 1329 2106 asamar,
1341 2040 1459 2095 divinam
1470 2040 1618 2095 bonitatem
1630 2040 1657 2094 in
1672 2039 1751 2094 nnius
1765 2039 1901 2095 essentiae
1913 2039 2008 2094 sribns

367 2131 489 2202 prolecto
502 2140 546 2186 est
558 2130 724 2186 substitutio.
748 2128 823 2186 baso.
842 2128 981 2186 Hacmnns
1001 2146 1071 2201 quae
1086 2130 1158 2185 dicta
1208 2130 1365 2187 substantiis
1388 2145 1448 2187 esse
1468 2131 1654 2186 constitutam.
1668 2129 1703 2184 iit
1716 2144 1767 2184 nec
1779 2129 1801 2161 ¹¹
1822 2130 1875 2184 boc
1898 2129 2008 2198 absque

366 2228 442 2286 sunt,
464 2219 590 2275 videntur
612 2232 672 2275 esse
692 2218 851 2289 probabilia.
876 2216 930 2274 Sed
953 2217 1032 2273 velim
1053 2218 1156 2283 audire,
1191 2220 1353 2291 ‘spiritualis
1368 2220 1560 2292 intelligentiae
1575 2219 1797 2290 rationabilisque
1813 2219 2008 2291 inrestigatio-

367 2310 432 2380 quid
447 2308 546 2366 dehac
560 2308 687 2366 ineffabili
701 2317 782 2379 atque
798 2309 1064 2379 incomprebensibili
1084 2324 1157 2365 crea·
1207 2314 1250 2369 nis
1264 2312 1386 2370 contuitu
1401 2313 1539 2369 inventurn
1554 2320 1596 2367 est
1607 2312 1640 2365 ¹¹.
1654 2310 1739 2367 Unam
1752 2307 2009 2366 enintnembilem

366 2399 435 2455 trice
448 2399 568 2455 omnium
586 2398 743 2468 causalique
764 2407 863 2453 natura
884 2398 1029 2470 Tbeoiogia
1051 2399 1156 2464 edocet,
1206 2405 1326 2462 omnium
1345 2419 1471 2472 causam,
1487 2417 1626 2473 unumque
1639 2401 1810 2473 principiam,
1826 2402 1950 2472 simplex
1967 2409 2011 2456 at·

366 2491 395 2546 id
409 2499 462 2558 0⁸²2
475 2498 568 2546 ulrum
580 2489 626 2556 ⁸5²,
640 2489 705 2559 (luid
716 2491 762 2554 ⁸1¹2
778 2489 820 2545 iel
832 2488 919 2560 qualis
938 2491 961 2555 'v
982 2497 1010 2544 θῑ
1022 2491 1157 2561 (1ΰοωοᾶο
1207 2513 1259 2568 que
1270 2498 1448 2561 individuum,
1463 2495 1679 2565 universaleque,
1696 2502 1825 2564 quantum
1838 2494 1935 2549 divino
1949 2494 2010 2563 qn-

364 2553 506 2636 Mnitur.
523 2580 593 2636 Mac.
609 2579 703 2635 Nonne
715 2581 750 2636 ab
765 2580 833 2649 ipsa,
848 2596 928 2651 quam
947 2595 1019 2636 nunc
1039 2581 1051 2613 ¹
1070 2582 1157 2637 notui·
1206 2589 1259 2644 ritu
1283 2589 1424 2644 illuminati
1448 2595 1521 2655 sunt,
1538 2588 1758 2659 contemplantes,
1779 2586 1912 2642 unitatem
1925 2587 2011 2642 dixe·

365 2672 449 2739 wli,
463 2669 619 2743 ΤΙιθῡῙθιῑθ,
634 2686 705 2741 (1⁰³0
721 2676 769 2724 ant
786 2670 957 2754 Qdo
973 2679 1019 2726 aut
1039 2673 1157 2727 maxime
1206 2687 1279 2734 rant.
1295 2679 1395 2735 lterum
1407 2679 1427 2714 ¹⁸
1437 2678 1525 2749 ipsam
1538 2676 1668 2733 unitatem
1679 2692 1731 2733 noo
1743 2677 1770 2732 in
1779 2677 1802 2708 ¹¹
1809 2677 2008 2749 singularitate

366 2779 432 2836 erga
446 2764 564 2821 divinam
579 2771 703 2818 naturam
717 2773 852 2831 versatur,
869 2765 936 2819 satis
950 2778 982 2819 ac
994 2763 1073 2833 plane
1087 2765 1157 2820 veri·
1206 2753 1533 2837 quadaffii'sterilitate,
1547 2768 1595 2823 sed
1614 2767 1730 2822 mirabili
1752 2767 1890 2836 territique
1906 2766 2011 2824 mniti-

366 2863 451 2910 tatem
468 2854 635 2911 intuentibus
646 2869 755 2910 suasum
769 2863 821 2921 est,
834 2869 867 2911 er
884 2855 937 2920 bis,
953 2870 1023 2927 quae
1043 2856 1077 2913 ab
1097 2855 1155 2926 ipsa
1205 2857 1325 2928 plicitatc
1346 2866 1514 2925 contuentes,
1531 2866 1586 2913 trcs
1600 2857 1768 2913 substantias
1784 2857 1893 2912 unibtis
1910 2855 2009 2912 intel·

366 2952 461 3002 ereata
482 2954 562 3011 sunt,
591 2944 758 3046 Q⁰
784 2946 871 3016 ipsam
893 2945 1073 3002 essentialiter
1093 2945 1156 3001 sub·
1205 2948 1343 3016 leserunt3
1361 2950 1508 3021 ingenitam
1520 2947 1640 3035 ἕψει-ι,
1651 2948 1834 3020 genitamque,
1845 2956 1873 3001 et
1894 2962 2010 3016 proce·

365 3036 475 3101 sistere,
493 3050 548 3091 non
566 3044 667 3103 antean
693 3035 757 3105 quad
781 3035 816 3090 sit
840 3035 899 3106 ipsa
923 3036 1054 3101 essentia,
1078 3034 1156 3089 intel·
1205 3038 1324 3094 dentem.
1340 3038 1363 3069 ¹¹
1379 3036 1505 3094 Habitum
1524 3048 1614 3093 autem
1635 3037 1802 3093 substantiae
1815 3037 1961 3108 ingenitae
1971 3040 2008 3093 ad

365 3125 432 3196 ligii
449 3124 517 3180 Nam
539 3142 593 3181 non
615 3126 712 3193 solnm,
733 3131 762 3179 ut
780 3140 861 3195 saepe
881 3126 1007 3190 diximus,
1022 3126 1155 3181 humanae
1205 3128 1383 3184 substantiam
1398 3129 1532 3198 genitam,
1555 3128 1678 3193 Patrem;
1698 3127 1819 3183 habitam
1840 3143 1909 3183 vero
1936 3131 2010 3184 sub-

370 3213 586 3267 ratiocinationis
603 3215 615 3247 ¹
633 3221 758 3279 conatus,
772 3228 866 3268 verum
882 3214 963 3269 etiarn
975 3214 1154 3269 essentiarum
1206 3219 1321 3273 stantiae
1341 3217 1446 3289 genitae
1465 3219 1498 3274 ad
1515 3218 1692 3273 substantiam
1706 3218 1862 3288 ingenitam,
1876 3217 2007 3287 Filium

367 3301 525 3359 caelestium
555 3302 713 3372 purissimos
741 3313 849 3373 superat
883 3302 1045 3360 intellectus.
1066 3302 1154 3374 ipsam
1169 3290 1192 3355 C
1206 3309 1329 3366 habitum
1341 3322 1406 3365 vero
1418 3308 1587 3380 procedentis
1611 3307 1778 3365 substantiae
1790 3307 1824 3363 ad
1843 3308 2009 3379 ingenitam

365 3405 593 3461 lamecensem
612 3394 742 3465 hisquae
759 3404 837 3461 sunt;
865 3404 892 3450 et
913 3396 1064 3466 sapientem
1084 3410 1154 3465 esse,
1206 3400 1377 3471 genitamque
1403 3399 1596 3463 substantiam,
1612 3398 1742 3469 Spiritum
1765 3408 1889 3454 sannam
1906 3403 2010 3458 nomi·

366 3499 401 3541 ex
424 3483 601 3539 divisionibus
622 3498 716 3540 eoram
740 3485 768 3539 in
791 3485 939 3548 essentias,
972 3487 1000 3541 in
1033 3502 1154 3558 genera,
1206 3500 1347 3548 naverunt.
1373 3490 1427 3546 Sed
1447 3490 1574 3560 quoniam
1588 3491 1616 3547 in
1630 3491 1681 3546 bac
1697 3504 1728 3546 re
1741 3491 1798 3547 lere
1817 3492 1907 3547 omnis
1934 3508 2010 3550 san-

365 3576 395 3631 in
417 3575 530 3645 species,
550 3574 778 3645 differentiasque,
801 3590 995 3646 nurnerosque;
1011 3577 1156 3649 vivereque
1205 3591 1309 3637 ctorum
1335 3582 1518 3651 expositorum
1549 3596 1644 3638 sacrae
1676 3582 1835 3652 Scripturas
1869 3596 2009 3643 versatur

366 3684 426 3726 eam
441 3683 475 3724 cx
488 3678 563 3724 motu
577 3660 697 3723 omniurn
710 3666 798 3723 stabili
814 3677 841 3723 et
853 3682 887 3722 en
901 3676 973 3722 statu
986 3668 1095 3736 mobili,
1113 3684 1155 3725 re
1205 3670 1328 3737 intentio,
1336 3671 1583 3737 satis,ntarbitror,
1597 3670 1811 3741 praesentialiter
1824 3671 1932 3731 dictum
1946 3686 2007 3730 est.

366 3771 427 3816 ctae
442 3758 464 3791 ¹¹
480 3760 579 3816 mentis
593 3758 712 3815 contuitu
734 3758 863 3829 Theologi
876 3758 988 3814 scrutati
1003 3758 1155 3860 sambae
1204 3738 2008 3849 ban.Qnermmenpummrmmffinmm

365 3851 688 3925 Qationecausam
701 3849 823 3905 omniurn
835 3856 877 3903 ter
891 3848 1057 3905 substantem
1071 3863 1154 3905 veus-
1205 3851 1342 3907 debabitu
1357 3852 1438 3906 trium
1460 3826 1626 3906 diit‘rmidrii'
1642 3850 1860 3906 substantiarum.
1882 3850 2009 3908 Poterit

365 3944 433 3996 sirne
445 3943 615 3997 invenerunt.
636 3939 721 4005 Nam,
739 3948 768 3994 ut
781 3939 908 4007 diximus,
924 3955 959 3995 ex
973 3940 1089 3995 essentia
1109 3954 1155 3995 co·
1204 3944 1276 3999 enim
1290 3943 1351 4013 quis
1363 3943 1430 3997 baec
1450 3942 1562 4014 mystica
1577 3950 1689 3998 sanctae
1704 3940 1843 3997 Trinitatis
1865 3941 2007 4011 nomina,

366 4047 438 4096 rum,
451 4046 520 4100 quae
533 4043 606 4098 sunt,
622 4030 780 4102 intelligitur
791 4045 869 4098 essc;
884 4047 918 4087 cx
931 4031 1048 4088 mirabili
1063 4046 1153 4087 rerum
1204 4032 1312 4088 Patrem
1336 4030 1462 4086 videlicet
1485 4040 1513 4085 et
1536 4029 1635 4085 Filium
1657 4038 1684 4084 ct
1707 4028 1837 4100 Spiritum
1854 4037 2007 4097 mustum,

366 4120 471 4186 ordine,
485 4122 635 4193 sapientem
648 4136 723 4187 esse;
736 4137 770 4176 ex
785 4132 870 4189 motu,
884 4123 968 4178 vitam
985 4139 1046 4179 esse
1059 4139 1153 4195 reper-
1205 4137 1258 4178 non
1271 4094 1687 4186 secuddruniiabitudinem,sed
1706 4121 1851 4176 secandum
1862 4130 2006 4180 naturam

366 4222 423 4266 tum
435 4221 486 4268 est.
498 4212 638 4299 EngQr
647 4227 728 4267 causa
738 4214 859 4268 omniurn
867 4214 1151 4285 creatrixquenatnra,
1203 4217 1336 4287 accipere.
1353 4215 1433 4271 Pater
1446 4215 1519 4270 euim
1530 4213 1699 4270 substantiae
1710 4212 1800 4269 Patris
1808 4226 1905 4268 manen
1928 4230 2005 4273 esse

365 4311 394 4359 et
404 4305 482 4376 sapit,
495 4314 524 4361 et
542 4305 617 4360 vivit.
628 4304 802 4393 Q
812 4320 861 4376 per
873 4306 1018 4362 essentiam
1032 4306 1152 4376 Patrem,
1203 4306 1318 4362 videtur.
1331 4304 1470 4394 ΜΨ
1481 4311 1508 4359 et
1525 4303 1610 4359 Filius
1627 4318 1725 4358 nomen
1742 4302 1903 4359 subsmntim
1913 4302 2008 4373 Filii,

363 4412 414 4468 per
427 4398 586 4470 sapientiam
599 4397 708 4463 Filium,
721 4413 769 4468 per
782 4398 863 4453 vitam
877 4399 1007 4469 Spiritum
1023 4400 1153 4458 Sanctum
1204 4398 1320 4470 Spiritus
1332 4413 1437 4467 quoque
1450 4395 1536 4453 sancti
1551 4394 1575 4428 ¹¹
1589 4395 1737 4451 nominatio
1752 4408 1806 4449 non
1821 4393 1888 4448 aliod
1906 4408 2008 4463 prae·

365 4491 495 4563 intelligi,
525 4491 698 4561 inquisitores
720 4491 842 4547 veritatis
867 4492 1045 4547 tradiderunt.
1079 4493 1151 4548 bisc.
1205 4498 1246 4546 ter
1257 4488 1434 4545 substantiam
1454 4487 1537 4557 ipsius
1555 4486 1708 4558 significare
1719 4485 1754 4540 ¹⁸.
1770 4485 1838 4543 bito.
1851 4484 2009 4547 Fortassis

329 4616 331 4621 ,
365 4580 439 4637 liaeo
452 4583 518 4637 mibi
537 4583 602 4637 satis
615 4581 747 4653 planeque
771 4597 850 4637 suasa
869 4589 1044 4652 sennenque
1067 4583 1152 4639 veris·
1205 4591 1234 4640 et
1248 4597 1297 4639 nos
1317 4582 1433 4652 idipsam
1456 4580 1566 4636 credere
1586 4586 1667 4649 atque
1681 4577 1760 4634 lateri
1776 4591 1828 4632 uon
1844 4570 2009 4645 Μνῖἲι·

366 4676 434 4731 sima
456 4691 517 4732 esse
538 4677 684 4747 conspicio.
716 4674 832 4731 Omnino
855 4676 1003 4745 siqnidem,
1029 4675 1093 4746 qnid
1113 4676 1155 4731 vel
1206 4690 1275 4740 mus,
1290 4675 1313 4729 si
1329 4672 1359 4728 S.
1372 4672 1495 4742 Gregorii
1509 4670 1638 4742 Theologi
1652 4684 1755 4725 summa
1772 4665 2010 4742 venerabilisque

367 4766 455 4835 qualis
468 4767 503 4831 ¹¹,
523 4766 629 4822 deliniri
654 4782 706 4821 non
728 4777 826 4835 potest.
845 4740 1017 4837 ffimd
1042 4765 1155 4838 intelligi
1205 4764 1346 4831 autoritas,
1360 4776 1476 4832 veraque
1495 4761 1520 4794 ¹¹
1539 4761 1651 4817 radonis
1670 4758 1824 4832 approbatio
1841 4756 1905 4812 taiia
1929 4775 2008 4818 cre-

366 4856 477 4912 omnino
487 4870 541 4910 non
556 4855 661 4919 sinitur,
678 4855 782 4910 deliniri
795 4856 904 4912 omnino
917 4856 1010 4926 nequit
1022 4856 1056 4910 ¹¹.
1069 4854 1154 4912 Velim
1206 4857 1270 4914 dere
1283 4871 1337 4912 nou
1357 4853 1521 4925 prohiberet.
1539 4851 1605 4908 Nam
1619 4868 1681 4908 cnm
1700 4852 1735 4908 ab
1750 4849 1925 4906 counanimis
1951 4867 2008 4909 ve·

367 4955 459 5004 tamen
473 4946 576 5010 audire,
589 4961 642 5027 qna
657 4945 760 5000 ratione
775 4945 902 5018 Theologi
917 4948 1048 5004 unitatem
1063 4956 1091 5003 et
1105 4947 1153 5001 tri·
1206 4946 1392 5004 nenosissimis
1408 4944 1556 5000 catholicae
1576 4943 1637 4998 ddei
1649 4941 1853 4999 adversantibus
1871 4938 2006 4998 interro-

367 5040 479 5095 nitatem
494 5038 526 5093 de
537 5052 619 5092 causa
630 5016 750 5092 omninffi
759 5038 914 5107 praedicare
928 5040 986 5093 ausi
1000 5047 1071 5095 suot.
1084 5038 1153 5095 Mac.
1206 5047 1283 5110 gatus
1296 5042 1368 5093 esset
1385 5036 1419 5096 de
1440 5036 1493 5091 boc
1512 5035 1629 5099 nomine,
1643 5033 1715 5104 quod
1728 5042 1773 5090 est
1791 5032 1881 5099 Pater,
1896 5041 2005 5091 utnrrn

366 5129 397 5187 ln
407 5130 458 5186 bac
471 5129 566 5184 ultima
590 5136 633 5182 tua
654 5125 837 5196 propositione
860 5143 912 5182 non
927 5142 1088 5198 magnopere
1102 5145 1152 5185 no·
1207 5137 1320 5186 naturae
1331 5128 1367 5184 sit
1379 5143 1412 5182 an
1426 5127 1590 5198 operationis
1600 5123 1916 5197 signiticativnm,',divina
1932 5141 2006 5195 gra-

368 5223 411 5283 bit
427 5222 449 5257 ¹¹
461 5220 654 5287 laborandum,
678 5217 836 5289 praesertim
852 5216 881 5274 S.
894 5217 1021 5288 Dionysio
1034 5220 1153 5290 Areopa·
1208 5222 1245 5277 tia
1259 5220 1423 5276 illuminatus
1438 5218 1598 5276 mirabiliter
1609 5216 1756 5286 respondit,
1769 5215 1861 5272 dicent
1875 5229 1883 5267 a
1895 5211 2004 5288 Neque

983 5402 987 5411 .
1018 5333 1143 5390 vanua
1161 5331 1360 5418 nrcrrouas.

403 5449 605 5519 ¹dseqaeutur.
643 5446 722 5502 'eam
742 5448 890 5503 oruciib.
928 5446 994 5502 ⁸OE
1016 5446 1065 5503 nil.
1103 5446 1272 5512 ‘siccplm
1296 5446 1319 5499 Α
1345 5445 1376 5499 ab
1395 5446 1461 5514 ipsa.
1499 5443 1560 5498 'eal
1580 5459 1636 5501 om.
1659 5441 1735 5498 ebs.
1773 5440 1842 5497 ‘Sic
1861 5438 1921 5504 cm
1946 5443 2000 5499 AD

367 5520 443 5577 nibil.
479 5516 622 5587 ¹(lqualis
644 5514 686 5571 sit.
724 5517 816 5572 ‘nuuc
836 5516 937 5571 omli.
980 5516 1052 5572 ’Sic
1074 5516 1196 5581 (ibim
1216 5515 1334 5571 rationis.
1385 5511 1603 5580 “siccana
1629 5522 1705 5567 recte.
1757 5512 1777 5543 ¹¹
1797 5511 1843 5566 Sic
1868 5510 1999 5575 cnm

367 5589 443 5661 quote
466 5590 510 5644 sit.
557 5587 579 5619 ¹¹
599 5586 643 5641 DE
661 5589 791 5658 nequitur.
829 5588 851 5620 ¹⁸
869 5588 892 5640 Α
913 5588 1052 5642 estuobis.
1089 5587 1197 5641 “Aac
1237 5586 1259 5617 ¹¹
1279 5585 1325 5640 Sic
1337 5583 1635 5648 GDE3Atentondi—
1654 5581 1866 5652 reprehendendi.
1903 5580 1928 5611 ¹⁸
1944 5582 1997 5639 Sic

367 5661 425 5723 cii,
453 5657 641 5726 irreligiose·
670 5659 691 5712 b
717 5656 862 5727 religiosae.
914 5656 936 5689 ¹⁷
958 5655 979 5712 C
1005 5672 1046 5711 ae.
1099 5656 1122 5689 ¹¹
1142 5655 1186 5711 Sic
1214 5656 1295 5721 GDE;
1319 5655 1341 5707 lt
1373 5654 1513 5708 bonitatem
1538 5654 1616 5707 uniar
1641 5654 1764 5706 aasentias
1793 5667 1841 5721 pro
1870 5653 1996 5719 persotaia

368 5730 451 5783 tribus
462 5730 490 5782 ia
506 5726 588 5781 tribm
598 5728 746 5781 substantiis
771 5729 937 5780 carnalitatum
950 5734 977 5781 et
989 5742 1070 5796 aeque
1091 5727 1140 5780 boc
1166 5735 1218 5780 ret.
1257 5724 1278 5757 ¹¹
1299 5724 1344 5779 Sic
1355 5721 1413 5786 (Ἐς
1437 5722 1482 5777 lta
1507 5720 1584 5776 Item.
1622 5721 1645 5752 ¹¹
1664 5721 1816 5802 laomd..
1850 5720 1874 5753 ¹¹
1893 5719 1997 5790 ipro-

371 5799 558 5866 certamenque.
603 5795 631 5827 ‘¹¹
651 5795 696 5850 Sic
718 5794 802 5860 ab&
831 5795 961 5851 noadiae
978 5796 1063 5850 oetam.
1102 5794 1125 5827 ¹⁸
1145 5794 1190 5851 Sic
1207 5794 1292 5861 abli3
1321 5790 1475 5862 CSpiritua
1494 5791 1578 5846 tancti
1604 5806 1715 5863 qaoque.
1751 5790 1775 5822 ¹¹
1789 5790 1837 5846 Sic
1854 5787 1940 5856 CB&
1966 5790 1995 5848 Δ

371 5866 507 5934 significat.
546 5864 570 5898 ¹⁸
584 5865 627 5920 Sic
641 5865 719 5932 (Μὴ
735 5867 758 5920 Α
777 5882 908 5951 tactaeque.
