4167 6625
144 567 1770 610 Μ

581 737 1306 907 PROOEMIUM.

945 1037 977 1115 1.

685 1238 933 1303 anrrrours
961 1238 1228 1304 cousinium.

185 1432 199 1508 t
220 1432 248 1493 t.
266 1428 429 1503 Quaenam
444 1426 649 1508 potissimum
664 1443 759 1491 causa
776 1427 815 1491 ad
837 1427 969 1491 ioannis
992 1426 1077 1492 Secti
1096 1427 1239 1507 theologi
1252 1426 1362 1498 ¹libros
1385 1425 1585 1507 colligendos
1599 1446 1636 1493 ac
1649 1447 1770 1512 perpo-

141 1560 270 1626 liendos
286 1578 338 1626 me
350 1560 527 1642 impulerit,
544 1560 572 1624 si
587 1561 729 1640 quaeris,
747 1559 847 1624 lector
860 1559 1028 1636 benevole,
1044 1576 1085 1624 en
1103 1558 1214 1641 paucis
1232 1558 1288 1621 tibi
1303 1557 1431 1622 consilii
1448 1557 1513 1621 mei
1525 1560 1681 1623 rationem
1696 1578 1772 1642 ape·

141 1691 236 1754 rium.
254 1691 379 1756 litorum
394 1699 467 1756 ante
481 1692 542 1756 hos
559 1692 626 1757 fere
640 1691 794 1755 tredecim
813 1707 928 1769 annos,
943 1708 1045 1772 quum
1064 1690 1318 1770 theologicarum
1334 1708 1370 1754 ao
1388 1689 1684 1770 philosophicarum
1699 1690 1771 1757 lita·

140 1837 249 1889 rarum
264 1824 354 1889 rudis
367 1824 436 1888 iere
450 1840 487 1887 ac
502 1824 671 1903 imperitus
686 1823 720 1884 in
732 1821 821 1885 illius
836 1822 968 1886 loannis
985 1822 1085 1887 libros
1099 1822 1299 1900 incidissem,
1311 1821 1409 1904 hujus
1424 1824 1588 1904 scriptoris
1601 1823 1710 1887 seculo
1722 1824 1769 1886 lx

139 1954 280 2020 viventis
293 1955 380 2022 haud
396 1973 507 2036 parum
526 1973 579 2020 me
595 1955 735 2019 movisse
760 1954 939 2035 speciosam
958 1972 994 2018 ac
1010 1972 1114 2036 paene
1132 1955 1329 2036 singularem
1353 1955 1538 2036 disputandi
1559 1957 1767 2021 subtilitatem

141 2085 309 2149 confiteor.
324 2086 390 2150 Neo
404 2092 507 2150 tamen
526 2102 591 2149 non
608 2102 659 2149 me
672 2085 807 2150 offendit
824 2084 1038 2167 quorumdam
1060 2104 1100 2149 er
1127 2065 1324 2150 nostratibus
1348 2087 1522 2162 temeritas,
1547 2085 1770 2150 extollentium

138 2230 177 2277 ac
192 2215 444 2294 praedicantium
459 2212 529 2293 ejus
550 2212 1062 2298 philosophicastheologicosque
1088 2215 1241 2290 theorias,
1266 2218 1386 2298 quippe
1403 2235 1476 2281 cum
1494 2218 1563 2298 aJus
1581 2216 1769 2296 primarium

137 2359 234 2424 opus,
251 2344 338 2424 quod
355 2365 371 2402 a
388 2342 428 2406 de
450 2340 612 2408 divisione
627 2344 763 2408 Naturae
789 2367 804 2404 a
832 2345 1031 2422 inscribitur,
1048 2346 1087 2409 ab
1102 2345 1248 2409 Honorio
1269 2346 1304 2407 P.
1320 2345 1377 2409 111.
1403 2345 1469 2425 igni
1492 2344 1720 2425 adjudicatum,
1738 2352 1770 2410 et

138 2471 294 2537 antefero
310 2471 468 2538 ducentos
489 2488 590 2535 annos
610 2490 709 2553 quum
726 2473 885 2555 inanglia
899 2476 985 2555 typis
996 2482 1081 2540 esset
1098 2493 1299 2556 expressum,
1316 2476 1349 2538 in
1365 2476 1507 2540 Iudicem
1522 2475 1679 2539 librorum
1695 2492 1769 2555 pro·

139 2598 315 2666 bibiturum
339 2602 475 2666 relatum
494 2621 565 2668 esse
583 2604 668 2667 inter
690 2621 803 2669 omnes
818 2612 952 2669 constet.
968 2606 1075 2688 Atque
1088 2606 1155 2686 iam
1182 2613 1251 2670 tum
1271 2606 1351 2669 mihi
1369 2624 1609 2688 proposueram,
1635 2614 1666 2672 et
1689 2609 1769 2690 quid

138 2731 280 2797 loannes
293 2734 406 2798 Scotus
421 2731 548 2812 seriptis
562 2732 631 2795 suis
647 2731 828 2813 profecerit,
843 2739 874 2797 et
891 2734 926 2796 in
946 2734 1066 2817 quibus
1084 2735 1163 2799 locis
1175 2738 1340 2816 erraverit,
1357 2738 1546 2819 diligentius
1558 2741 1722 2821 indagaro,
1735 2750 1769 2808 et

137 2869 312 2952 aliquando
321 2871 411 2951 J'usta
427 2869 508 2933 libra
524 2877 699 2952 utrumque
714 2886 905 2949 expensum,
920 2870 1127 2935 inhonorem
1142 2889 1178 2936 ac
1190 2870 1332 2936 tructam
1345 2879 1473 2937 sanctae
1486 2870 1649 2935 Ecclesiae
1664 2888 1768 2950 erpo-

137 3019 228 3068 nere.
242 3004 313 3069 Non
336 3005 380 3067 ita
397 3004 498 3068 multo
515 3008 588 3084 post
610 3001 645 3065 in
669 3002 786 3066 itinere
813 3000 967 3078 literario,
992 3002 1080 3083 quod
1097 3019 1154 3080 per
1177 3000 1393 3078 Germaniam,
1417 3002 1609 3079 Helvetium,
1628 3000 1765 3078 ltaliam,

139 3131 286 3212 Belgium
300 3132 521 3206 instituebam,
536 3130 662 3195 occasio
680 3130 761 3193 mihi
779 3130 884 3194 oblata
910 3137 989 3206 erat,
1007 3130 1093 3193 inter
1106 3134 1223 3206 cetera,
1239 3129 1274 3192 in
1297 3148 1380 3211 quae
1402 3131 1642 3208 incumbebam,
1659 3133 1765 3198 studia

29 3316 33 3325 .
139 3260 260 3335 critica,
277 3267 307 3324 et
323 3277 361 3324 er
378 3260 511 3325 loannis
526 3261 610 3325 scoti
627 3259 716 3325 libris
730 3260 863 3343 quinam
877 3270 1085 3341 superassent
1099 3261 1133 3323 ia
1150 3259 1357 3325 bibliothecis
1374 3259 1614 3337 delitescentes,
1632 3261 1766 3327 investi·

137 3391 246 3471 gandi,
258 3397 289 3456 et
299 3391 456 3474 quidquid
472 3392 677 3473 reperissem,
688 3393 727 3456 ad
742 3391 1037 3473 pleniusjudicium
1051 3393 1091 3457 da
1106 3392 1177 3473 ipso
1192 3390 1362 3457 ferendum
1373 3391 1407 3455 in
1420 3392 1524 3457 lucem
1541 3393 1761 3474 protrahendi.

139 3523 175 3585 ln
188 3539 285 3605 quarn
304 3539 371 3585 rem
384 3522 458 3586 licet
473 3521 627 3602 plurimas
641 3520 853 3585 bibliothecas
865 3521 1121 3602 perlustrassem,
1140 3528 1248 3585 tamen
1265 3520 1420 3585 librorum
1432 3523 1537 3603 ipsius
1548 3523 1674 3590 codices
1684 3544 1762 3590 mss.
1781 3490 1788 3505 ⁹

137 3650 220 3714 haud
235 3650 280 3715 ita
297 3651 417 3715 multos
443 3652 583 3732 reperire
597 3650 687 3731 ,mihi
714 3651 858 3731 contigit.
881 3651 928 3713 Ex
942 3650 994 3713 his
1012 3650 1178 3714 codicibus
1197 3667 1280 3732 quae
1299 3650 1456 3731 descripsi
1473 3651 1651 3733 fragmenta
1678 3658 1765 3721 haud

136 3800 215 3849 sane
232 3786 423 3866 spernenda,
440 3805 526 3852 nunc
540 3788 680 3868 primum
707 3788 835 3877 anobis
860 3787 892 3850 in
911 3787 1017 3851 lucem
1032 3788 1234 3851 emittuntur.
1250 3788 1399 3870 Denique
1424 3787 1536 3870 majori
1559 3806 1633 3853 cum
1658 3787 1765 3852 tructu

136 3931 238 3996 nuper
253 3916 479 3983 bibliothecam
494 3919 624 4000 Regiam
641 3920 855 3983 Parisiensem
873 3919 950 3984 adii.
967 3920 1026 3981 Ubi
1046 3937 1148 4023 quum
1174 3919 1282 3999 plures
1296 3919 1423 3983 codices
1447 3921 1602 3985 librorum
1624 3922 1761 3985 Ioannis

138 4048 224 4114 scoti
238 4051 449 4127 invenissem,
466 4067 522 4115 eos
540 4068 672 4133 quoque
687 4052 720 4114 in
736 4068 815 4115 usus
830 4066 921 4114 meos
936 4051 1169 4115 convertendos
1188 4067 1259 4114 esse
1273 4051 1394 4132 putavi.
1413 4051 1463 4115 ad
1477 4068 1590 4116 eorum
1607 4051 1706 4132 igitur
1723 4052 1763 4114 n-

139 4178 214 4242 dem
235 4184 265 4241 et
284 4200 300 4237 a
317 4179 358 4242 de
371 4179 664 4244 Praedestinatione
680 4202 695 4238 a
713 4186 743 4244 et
759 4202 775 4238 a
791 4179 831 4243 de
847 4178 1009 4242 divisione
1032 4179 1168 4242 Naturae
1188 4176 1320 4241 »libros
1343 4177 1515 4257 diligenter
1533 4181 1673 4243 excussi.
1698 4180 1764 4244 Co-

138 4305 240 4369 dicem
259 4322 390 4386 quoque
405 4307 653 4371 Laudunensem
667 4307 749 4370 milri
762 4306 938 4369 liberaliter
950 4307 1091 4372 Parisios
1104 4308 1341 4385 transmissum,
1362 4310 1449 4375 haud
1466 4312 1538 4376 sine
1552 4311 1661 4376 fructu
1688 4329 1762 4377 exa·

138 4436 269 4500 minari.
284 4436 378 4512 Quod
396 4452 471 4499 vero
484 4396 645 4541 inveg‘ipm
661 4435 745 4498 Sonti
763 4451 910 4515 operum,
928 4452 1012 4515 quae
1036 4443 1224 4515 supersunt,
1254 4438 1442 4517 editionem,
1468 4457 1536 4504 non
1561 4443 1682 4507 omisso
1701 4462 1762 4508 su-

135 4578 262 4653 spectae
275 4570 351 4636 tidei
366 4571 449 4635 libro
463 4569 504 4632 de
519 4568 699 4650 principiis,
716 4585 813 4651 quem
832 4591 847 4628 v
862 4568 903 4631 de
918 4567 1080 4634 divisione
1100 4569 1238 4631 Naturae
1253 4588 1269 4625 a
1287 4566 1463 4649 inscripsit,
1476 4567 1760 4653 hulcPatrologiae

134 4702 343 4776 inseruimus,
359 4698 549 4765 haudlacile
566 4716 761 4781 quemquam
780 4701 970 4764 miraturum
985 4700 1148 4775 existimo,
1160 4700 1218 4780 qui
1229 4701 1436 4780 reputaverit,
1452 4701 1587 4769 omnino
1598 4704 1757 4767 loannem
1780 4696 1783 4703 ’

135 4831 261 4894 Scotum
276 4847 349 4893 cum
366 4828 564 4893 acutissimis
578 4827 648 4892 suis
667 4826 993 4909 profundissimisque
1008 4827 1304 4911 [disputationibus
1324 4849 1461 4913 quarum
1486 4840 1517 4897 et
1539 4833 1609 4913 ipse
1634 4852 1673 4898 ex
1691 4836 1759 4899 Pla·

136 4967 209 5024 tone
223 4960 460 5040 Aristoteleque
474 4958 559 5021 haud
574 4974 645 5022 raro
660 4964 847 5037 argumenta
860 4959 985 5040 petivit,
1002 4976 1102 5024 sensu
1125 4962 1266 5046 quodam
1290 4964 1396 5027 latiori
1410 4965 1636 5045 scholasticae,
1662 4988 1758 5051 quam

134 5089 254 5167 dieunt,
270 5089 465 5169 Theologiaa
484 5091 742 5171 praeambulum,
759 5096 825 5157 tum
840 5093 989 5159 versione
1003 5112 1061 5159 sua
1078 5112 1213 5175 operum
1233 5096 1524 5177 Pseudo-Dionysii
1538 5102 1774 5185 Areopagitae„

134 5222 265 5304 suisque
288 5238 400 5286 eorum
419 5222 687 5302 expositionibus,
705 5223 885 5304 ceterisque
908 5225 977 5289 suis
993 5226 1105 5289 crebro
1123 5224 1307 5304 allegoricis
1324 5224 1470 5300 theoriis,
1488 5229 1642 5308 mysticae
1660 5249 1757 5311 qoam

134 5349 245 5407 vocant
261 5343 438 5421 theologiae
453 5348 605 5425 tanquam
621 5362 862 5426 praecursorem
876 5348 962 5413 haud
979 5350 1141 5415 immerito
1159 5367 1177 5413 a
1192 5348 1271 5412 viris
1296 5347 1399 5414 doctis
1423 5349 1572 5430 iudicari.
1595 5351 1758 5432 Imprimis

134 5491 211 5539 vero
224 5474 355 5537 loannis
370 5472 455 5535 scoti
470 5473 617 5538 versione
636 5491 781 5555 operum,
800 5494 883 5556 quae
907 5479 968 5543 suh
982 5480 1014 5543 S.
1034 5479 1185 5561 Dionysii
1201 5480 1413 5561 Areopagitae
1441 5481 1572 5544 nomine
1597 5480 1757 5561 feruntur,

132 5606 302 5671 utebantur
315 5602 497 5668 mediiaevi
516 5604 756 5685 Theologi.Qui
776 5609 929 5689 quoniam
951 5629 1096 5692 graecam
1112 5613 1256 5693 linguam
1281 5612 1345 5694 ipsi
1370 5630 1436 5679 non
1452 5610 1620 5689 callebant,
1645 5614 1759 5694 libros,

131 5748 267 5814 quorum
285 5738 447 5797 auctorem
462 5734 492 5797 S.
509 5736 698 5817 Dionysium
726 5741 949 5820 areopagitam
973 5748 1009 5805 ut
1036 5745 1163 5809 Patrem
1180 5742 1392 5825 apostolicum
1422 5740 1570 5806 colebant
1593 5744 1631 5807 ad
1657 5728 1776 5809 unum

131 5870 252 5932 omnes,
271 5854 312 5919 ab
326 5855 447 5919 loanne
464 5855 555 5919 Sento
574 5857 672 5922 latine
695 5875 866 5925 conversos
890 5862 1052 5944 legebant,
1068 5882 1204 5947 eamque
1223 5862 1407 5927 versionem
1426 5865 1667 5927 commentariis
1691 5866 1760 5928 suis

268 5984 388 6047 Puram.
407 5988 509 6046 tillllll.
1529 6014 1548 6053 o
