4167 6625
99 435 172 489 sss
413 397 418 410 ’
552 437 595 491 nn
613 434 779 494 orvrsronn
798 429 971 488 neronio
992 459 1026 470 -
1045 426 1142 488 utone
1163 424 1353 482 escunons.
1714 422 1766 476 eta

100 550 317 619 differentior,
340 557 364 604 et
385 565 432 618 pro
450 549 511 604 uiris
539 559 564 606 et
579 566 626 619 pro
640 552 648 580 ¹
664 549 826 612 mutieribus,
838 547 931 619 quiem
944 546 972 610 A
984 542 1080 608 tinent,
1099 540 1203 611 sibique
1224 539 1339 594 invicem
1354 543 1466 606 cognata
1487 543 1565 602 sunt;
1584 549 1689 598 sursum
1704 548 1766 589 vero

103 640 278 696 niuisionir
293 640 407 695 moainre
424 639 560 710 inspicitur
571 638 676 707 modus,
698 640 813 694 leminea
834 635 933 691 solum·
981 648 1077 690 uersus
1110 632 1223 686 aiteram
1249 637 1390 685 creaturae
1416 628 1540 685 obtinent
1569 625 1767 682 extremitatem

104 729 212 784 niodo
236 729 391 799 proprieque
412 745 518 800 uereque
541 729 663 796 ostendit,
683 728 808 784 mundum
822 727 932 797 {erentes
981 739 1075 781 omnes
1084 709 1278 780 intellectuales
1291 720 1435 786 essentiae,
1448 732 1516 788 quae
1526 717 1596 773 inter
1609 733 1638 772 se
1652 716 1766 772 invicem

104 821 296 891 inopinum,
318 836 397 892 quum
417 819 488 874 uuile
509 819 585 875 modo
607 818 779 890 corruptionis
797 818 931 873 notamine
981 815 1105 872 similiter
1120 820 1250 885 cognatae
1270 818 1343 869 sunt.
1369 809 1487 883 Singulis
1505 821 1571 882 ergo
1583 809 1705 880 partibus
1717 809 1768 864 iru-

105 919 265 981 tangunt.
282 908 411 978 Videsne,
429 918 559 982 quantum
574 918 666 981 aperte
680 909 831 976 denuntiat,
846 908 931 963 bomi-
980 919 1079 962 manae
1094 914 1209 961 naturae
1222 911 1336 976 cognata
1353 911 1489 967 extrema,
1506 901 1559 959 boc
1572 911 1623 974 est,
1638 912 1768 958 connatu-

104 1014 192 1057 uem
228 1001 265 1056 ad
288 998 434 1072 imaginem
459 1009 486 1055 et
505 998 707 1055 similitudinem
722 995 770 1053 bei
793 996 930 1054 conditum
980 996 1051 1052 sales
1063 1002 1177 1052 naturae
1190 996 1218 1052 in
1229 993 1336 1052 Christo
1351 994 1468 1051 sociame
1479 1001 1551 1050 sunt.
1567 985 1671 1064 Corpus
1684 993 1767 1063 siqui-

103 1104 220 1146 sexus
243 1088 395 1145 differentia
418 1085 527 1145 omrrino
546 1089 673 1156 caruisse,
691 1097 718 1145 et
732 1088 829 1154 adbuc,
847 1103 930 1159 quan·
980 1087 1040 1143 dem
1065 1087 1220 1158 accipiens,
1244 1093 1369 1157 quartam
1396 1084 1477 1141 veluti
1509 1081 1626 1141 hominis
1650 1093 1766 1156 partem,

106 1185 186 1232 tumr
208 1177 243 1232 in
255 1192 289 1233 eo
307 1176 397 1250 imago
409 1185 438 1233 et
449 1176 595 1234 similitudo
610 1176 757 1234 conditoris
777 1184 927 1248 permanet,
978 1179 1086 1232 omnem
1100 1176 1267 1246 corporalem
1281 1185 1434 1233 creaturum
1445 1176 1495 1232 sibi
1507 1176 1637 1245 adiunxit.
1652 1169 1765 1232 Sensum

106 1282 246 1334 carere,
258 1268 398 1340 ipsamque
420 1266 578 1324 divisionem
602 1274 713 1338 propter
731 1274 871 1339 peceatum
887 1283 929 1324 se·
978 1281 1044 1324 vero
1063 1281 1224 1335 assumens,
1253 1267 1434 1323 nniversam¹
1456 1266 1610 1322 sensibilem
1632 1277 1767 1336 sensuque

106 1359 260 1414 eundum
287 1375 386 1432 corpus
407 1359 574 1416 solummodo
596 1359 736 1416 accidisse.
760 1359 928 1430 Quamquam
978 1367 1098 1416 euntem
1111 1360 1218 1418 sibimet
1228 1357 1371 1430 copularit.
1384 1357 1452 1426 Quid
1464 1357 1594 1413 deanima
1605 1354 1782 1411 dicendumi·

108 1449 207 1504 enim
227 1449 254 1505 in
272 1450 363 1507 anima
377 1428 608 1524 spmtdiifeius
623 1450 810 1524 intelligantur
821 1449 844 1518 ¹,
869 1458 928 1512 νοῦς
977 1447 1112 1505 Moerin
1128 1461 1170 1519 oa,
1186 1455 1267 1519 quam
1282 1448 1395 1522 accepit,
1412 1461 1464 1503 non
1480 1446 1566 1503 solum
1581 1445 1765 1502 rationabilem

109 1539 274 1611 siquidem
285 1541 526 1602 intellectusveiuti
536 1542 644 1615 quidam
656 1543 791 1600 masculus
801 1543 927 1601 inanima
978 1540 1108 1607 animam,
1123 1540 1334 1597 verumetiam·
1347 1553 1455 1596 omnem
1474 1540 1558 1595 vitam
1573 1539 1729 1595 nutritivam
1740 1549 1767 1596 et

110 1639 182 1698 αι,
199 1625 327 1696 αἴσθησις
337 1646 413 1699 vero,
430 1631 457 1689 id
470 1641 512 1689 est
522 1647 628 1701 sensus,
641 1633 723 1689 veluti
735 1632 869 1705 quaedam
888 1633 927 1690 ie·
978 1631 1112 1687 auctivam
1126 1626 1151 1662 ¹¹
1164 1627 1191 1686 in
1205 1643 1235 1687 se
1251 1631 1309 1702 ipso
1319 1628 1526 1687 associavitibe
1535 1628 1671 1687 intellectu
1686 1643 1766 1687 nemo

111 1723 222 1791 noina,
234 1740 288 1780 non
300 1732 390 1782 tamen
399 1723 436 1780 ibi
448 1726 635 1798 cognoscimus
644 1731 757 1783 naturae
770 1726 925 1793 divortium,
977 1723 1129 1793 sapientum
1167 1722 1190 1760 ¹¹
1217 1720 1342 1788 dubium
1370 1723 1491 1778 humano
1512 1721 1585 1778 enim
1609 1721 1766 1790 intellectui,

113 1815 174 1869 sed
187 1813 297 1872 Christi
320 1822 347 1873 et
362 1815 493 1874 ecciesiae
515 1820 682 1891 moster-ium,
699 1819 833 1893 uniusque
847 1819 926 1876 intel·
977 1824 1057 1883 ‘illem
1072 1809 1196 1868 elim
1202 1811 1358 1883 assumpsit,
1366 1825 1460 1869 milei
1471 1810 1663 1868 intellectuales
1676 1825 1767 1868 0⁸³0ss-

113 1905 222 1962 lectius
239 1907 274 1962 ad
298 1905 457 1980 Creatorem
480 1919 509 1965 et
530 1910 565 1967 ad
588 1918 740 1969 creaturam
765 1910 925 1968 contuitum.
941 1901 1033 1964 Btiae
1051 1901 1267 1973 inseparabiliter
1283 1903 1441 1958 adhaerent.
1465 1901 1560 1959 Nonne
1579 1903 1657 1974 piane
1679 1904 1765 1969 rides,

116 1991 160 2048 Et
185 1996 338 2065 nobiscum,
363 1998 460 2070 inquit,
485 2007 510 2053 or
531 2010 637 2072 propser
656 2016 704 2056 ηρ,
727 1999 806 2056 ,snut
824 2015 926 2055 omnem
979 1999 1089 2047 omnem
1111 1995 1283 2055 mouturam,
1306 1989 1488 2060 intelligibiles
1501 1990 1562 2046 dico
1573 1991 1768 2063 sensibilesque

116 2094 285 2141 creaturum
307 2103 354 2159 per
370 2088 520 2145 medietates
535 2089 613 2146 uelud
630 2092 796 2162 propriarum
811 2093 925 2163 portium
977 2077 1134 2149 Malim
1167 2083 1298 2145 nmmo
1320 2078 1348 2133 5¹¹
1375 2078 1484 2135 Chlislo
1508 2080 1670 2136 illimatam?
1691 2081 1770 2150 Quod

116 2188 251 2234 extremo
262 2183 524 2253 comprehensionem
537 2184 644 2241 eirenae
656 2186 741 2257 ipsum
754 2185 926 2244 insolubiliter
976 2172 1096 2229 ῙΝῨΜ
1117 2170 1250 2228 ⁰⁰fl⁰¹¹¹¹¹¹¹
1273 2171 1296 2204 ¹¹
1317 2171 1447 2242 Mille?
1465 2173 1558 2229 (ΗΕΘΜ
1577 2191 1584 2229 ²
1600 2172 1686 2230 enom
1703 2178 1765 2231 Νὺ-

116 2267 290 2336 perarduum
304 2270 442 2342 orbemque
463 2282 594 2334 terrerum
607 2274 755 2344 conjunxit,
778 2275 877 2330 curium
901 2285 926 2332 et
977 2268 1109 2323 tillem
1121 2264 1201 2321 sonet
1212 2279 1313 2321 omnem
1328 2275 1485 2333 insimili
1501 2268 1576 2339 quusi
1594 2265 1706 2338 “litium
1718 2269 1766 2323 ¹⁸⁰·

119 2369 244 2426 terrum,
269 2361 402 2419 unribiiin
416 2372 441 2419 et
461 2364 654 2436 inteiiipiiiiiu,·
669 2382 763 2436 corpur
778 2368 880 2438 quippe,
901 2378 925 2422 et
976 2355 1084 2420 minem,
1101 2355 1217 2426 Wlfflin
1228 2368 1335 2410 “mmm
1352 2354 1387 2409 Μ
1400 2369 1428 2411 ¹⁶
1444 2356 1553 2412 ¹¹¹¹¹²¹¹¹
1568 2357 1637 2412 ⁶⁰¹¹¹¹
1652 2355 1766 2428 ‘mille’

119 2467 258 2518 senrum,
283 2461 308 2508 et
334 2454 449 2510 ominum
469 2456 611 2514 secundum
633 2471 679 2511 noe
694 2457 790 2512 nubens
807 2466 831 2512 a
850 2457 926 2512 reret.
977 2456 1032 2502 tum
1046 2445 1070 2480 ¹¹
1085 2447 1240 2513 ostendent,
1259 2455 1286 2501 et
1302 2445 1339 2501 od
1358 2447 1469 2520 reipsum
1486 2448 1628 2505 intuentem
1649 2463 1695 2521 per
1708 2451 1769 2505 uui·

120 2539 240 2607 herum,
256 2541 350 2612 quibus
364 2544 442 2616 quusi
462 2545 579 2615 portibus
598 2560 645 2615 per
665 2545 767 2616 unquiu
787 2547 926 2616 unicuique
976 2539 1108 2595 vertitatis
1121 2540 1315 2595 subsistentium
1327 2537 1365 2607 ¹¹3
1382 2540 1553 2612 ponteonem
1568 2549 1592 2597 et
1609 2540 1729 2613 simplum
1745 2541 1769 2583 ¹¹

122 2630 319 2685 uniuersaliter
347 2642 486 2703 sequutum
509 2635 643 2689 urroriuns
668 2645 827 2699 extremum,
846 2635 925 2704 iuxta
977 2637 1002 2684 et
1016 2629 1203 2697 indefinibilem
1216 2646 1289 2686 eaeo
1301 2630 1336 2698 ¹¹,
1350 2631 1420 2702 quod
1437 2645 1488 2687 non
1503 2642 1539 2688 ert
1553 2632 1726 2699 deductionis,
1743 2641 1766 2687 el

122 2721 205 2789 prius
228 2717 360 2776 reunion
380 2723 486 2779 moun
500 2725 624 2780 utuntur
641 2727 730 2781 onnia
742 2725 806 2780 inre
818 2725 925 2796 erum·
976 2713 1169 2790 anemonen
1184 2722 1323 2787 nouuam,·
1346 2733 1393 2793 per
1414 2738 1494 2792 quon
1513 2737 1593 2778 enom
1609 2724 1767 2794 eundemque

124 2810 328 2882 recapitulavit.
977 2810 1064 2867 omnm
1079 2820 1199 2868 creature
1215 2814 1328 2884 recipere
1343 2821 1426 2883 potest
1446 2829 1552 2869 coucam
1571 2814 1673 2884 penitus
1695 2814 1767 2869 indi-

165 2901 212 2958 li.
227 2897 445 2961 nummorum
459 2905 601 2963 mtentus¹
624 2906 761 2978 perspice;
782 2923 835 2964 rien
852 2907 925 2963 enirn
976 2913 1098 2959 teretem.
1118 2903 1278 2960 iiaetenus·
1294 2905 1327 2961 de
1342 2905 1536 2972 divisionibus,
1557 2906 1643 2976 deque
1663 2907 1765 2962 aduna-

128 3002 232 3050 vacant
246 2993 356 3050 virtute
379 2995 479 3067 Corpus
497 2998 600 3069 quippe,
627 2998 796 3069 inquiner*
819 3015 923 3054 remum
977 2993 1095 3050 tionibus
1128 2994 1340 3052 substantiarum
1376 2995 1559 3052 venerabilem
1594 2998 1764 3070 viraqistrum,

128 3085 620 3155 mnnimumreetmdumnositebens,
647 3088 922 3156 Christusvideiicer,
975 3084 1121 3141 Maximum
1134 3085 1314 3154 dicmsecuti,
1330 3087 1766 3159 mantumadpraesomisqnae-

129 3188 155 3234 et
179 3178 349 3233 incedentem.
376 3177 424 3235 iiis
446 3180 519 3235 enim
541 3181 622 3237 veluti
646 3190 773 3252 quattuor
800 3184 923 3255 partibus
975 3175 1072 3231 Silonis
1085 3176 1184 3233 attinet
1197 3176 1347 3248 negotium,
1362 3178 1489 3234 diximus.
1504 3177 1605 3247 Elim
1619 3179 1657 3234 td
1666 3191 1765 3249 broilo·

130 3271 254 3327 bumana
275 3279 371 3328 natura
398 3273 571 3329 constituitur
593 3273 615 3329 ¹.
639 3274 711 3343 Quas
735 3284 825 3346 partes
842 3289 922 3332 verus
935 3259 960 3324 C
973 3267 1268 3337 serenissimorum
1279 3268 1395 3326 illimem
1404 3269 1767 3341 inlletwllissittilibsitlit

131 3362 235 3433 quippe
251 3363 331 3418 bomo
352 3361 477 3420 Christus
498 3374 526 3420 et
552 3367 717 3438 assumpsit,
743 3366 814 3422 etin
833 3367 921 3438 seipso
974 3372 1001 3419 et
1010 3370 1244 3430 oreaturetcreat,
1252 3371 1279 3419 et
1290 3363 1317 3419 in
1329 3361 1550 3435 primordialibus
1562 3364 1653 3420 causis
1664 3363 1766 3419 consti·

133 3451 279 3520 adunavit,
302 3455 382 3512 bomo
397 3456 530 3526 siquidem
548 3454 682 3527 pertenuis
694 3456 781 3514 iactus
792 3459 863 3514 est¹.
878 3458 922 3515 liii
974 3460 1030 3510 trita
1044 3464 1096 3521 est,
1111 3453 1316 3521 discutiendam,
1331 3455 1364 3509 de
1381 3454 1432 3510 bae
1448 3442 1564 3509 enimin
1582 3454 1634 3510 boe
1653 3453 1675 3486 ¹¹
1695 3453 1763 3510 libro

133 3544 207 3599 enim
222 3543 341 3601 bondnis
361 3545 469 3617 reliquit
488 3555 598 3619 praeter
620 3557 780 3618 peccatum,
806 3550 878 3620 quod
893 3551 920 3606 in
974 3546 1065 3602 (ficere
1084 3545 1294 3617 proposuimus,
1318 3545 1341 3600 si
1368 3543 1416 3601 tibi
1439 3545 1561 3612 videtur,
1588 3545 1764 3602 redeundum.

133 3634 268 3690 unitatem
285 3636 450 3693 substantiae
466 3652 532 3693 strae
551 3651 605 3693 non
622 3639 765 3721 coemeret,
780 3640 863 3712 inque
876 3656 921 3698 se·
973 3639 1046 3696 lbsc.
1075 3639 1218 3696 videretur
1242 3638 1342 3711 plane,
1363 3639 1385 3693 si
1408 3638 1442 3693 de
1456 3639 1633 3709 quibusdam,
1650 3650 1720 3707 qnae
1738 3637 1765 3691 in

135 3723 253 3793 metipso
273 3738 327 3781 non
340 3726 487 3794 adunaret,
502 3727 554 3783 troc
566 3735 623 3795 eu,
641 3742 725 3784 uuum
740 3745 793 3787 non
808 3731 919 3791 laceret.
972 3728 1122 3799 praedictis
1134 3727 1283 3785 rationibus
1293 3726 1365 3782 dieta
1377 3734 1448 3789 sunt,
1461 3728 1587 3797 quoniam
1598 3724 1765 3793 multumne

136 3804 277 3869 Moerim
296 3816 383 3874 initio
396 3826 458 3889 post
470 3819 694 3876 resurrectionem
706 3830 834 3893 quattuor
847 3836 920 3893 sunt,
973 3831 1103 3886 morem,
1126 3806 1224 3876 elarius
1243 3818 1412 3889 explanares.
1433 3816 1503 3872 ills.
1524 3818 1572 3872 bic
1593 3815 1679 3882 olibi,
1695 3832 1764 3886 quae

138 3903 289 3973 sedunum3
304 3914 333 3963 et
342 3923 396 3965 non
408 3908 585 3980 compositum
601 3926 693 3979 unum,
705 3913 751 3969 sed
764 3914 922 3984 simpliciter
973 3920 1038 3968 sunt
1051 3910 1108 3977 ilia,
1123 3925 1192 3981 quae
1205 3910 1276 3966 inter
1290 3922 1332 3974 ea,
1348 3905 1417 3978 quae
1431 3924 1446 3962 a
1460 3923 1503 3964 me
1516 3908 1586 3963 dicta
1599 3916 1672 3974 sunt,
1688 3909 1764 3964 vaide

138 4008 218 4050 unum
243 4012 342 4068 eorpus
360 4009 388 4056 et
416 4014 511 4056 sensrrs
529 4001 659 4058 animast
677 4003 838 4061 intellectus.
854 4007 920 4073 Qui·
973 4010 1132 4068 ternovent,
1146 4014 1315 4073 quorumque
1327 4000 1543 4071 explanationem
1558 4000 1761 4060 turbulentiorem

140 4086 194 4154 ier,
208 4085 302 4157 inquit,
315 4090 392 4159 quun
400 4092 528 4162 pertibus,
540 4110 586 4164 per
596 4093 700 4165 uinpuin
710 4096 849 4168 onerique
862 4100 921 4152 uni·
973 4108 1086 4165 posuere
1101 4093 1209 4149 videris.

139 4179 265 4235 molitor
278 4192 417 4252 romulum
428 4186 562 4240 amodum
574 4196 727 4242 mtremum.
741 4187 780 4244 Ae
792 4188 814 4244 si
828 4198 921 4259 aperte
1009 4185 1054 4241 ll.
1070 4184 1143 4242 boec.
1158 4187 1186 4242 ln
1197 4185 1375 4243 divisionibus
1385 4193 1538 4242 creatarum
1554 4187 1763 4243 substantiarum

141 4264 254 4325 dere:
269 4271 398 4341 quoniam
411 4272 534 4331 cbristus
547 4283 675 4346 quattuor
688 4277 821 4333 humanae
843 4285 923 4334 natu·
973 4275 1120 4331 mundum
1144 4274 1291 4330 Maximum
1311 4275 1378 4330 nibil
1402 4290 1446 4331 me
1467 4284 1575 4341 movet,
1596 4276 1639 4329 vel
1653 4276 1674 4309 ¹¹
1688 4276 1764 4331 valle

143 4372 187 4414 rae
196 4370 284 4431 partes
297 4363 401 4435 accepit
421 4364 491 4420 etin
511 4366 600 4438 seipso
615 4369 753 4436 adunavit,
767 4370 920 4425 universam
973 4364 1039 4419 mibi
1053 4364 1197 4421 obscurum
1212 4364 1319 4420 videtur
1339 4378 1387 4420 seu
1407 4364 1573 4436 amliignnm,
1587 4374 1697 4437 praeter
1711 4367 1762 4421 bo-

143 4453 362 4520 cranemere
372 4462 426 4521 est,
439 4456 646 4516 intellectualem
661 4468 691 4517 et
702 4460 859 4516 sensibilem
873 4474 918 4516 as·
973 4456 1055 4512 minis
1070 4455 1227 4531 divisionem
1248 4456 1275 4511 in
1290 4453 1313 4487 ¹⁹
1327 4453 1474 4510 masculum
1490 4466 1517 4511 et
1534 4454 1673 4522 laminam,
1688 4471 1762 4511 eam·

143 4543 299 4612 sumpsisse,
322 4553 352 4600 et
364 4547 392 4601 in
406 4548 495 4617 seipso
512 4550 646 4607 adunasse
668 4550 841 4607 manilestum
866 4558 918 4607 est.
974 4564 1027 4620 que
1041 4564 1140 4626 nones
1153 4549 1239 4619 prime
1255 4547 1373 4605 bominis
1394 4547 1546 4604 conditione
1564 4546 1600 4602 ad
1619 4546 1762 4617 imaginem

143 4631 240 4689 Etenim
253 4636 282 4690 in
295 4636 411 4704 minine,
433 4655 514 4711 quom
535 4650 621 4699 totum
645 4645 767 4715 recepit,
791 4644 918 4700 universa
932 4633 959 4695 o
972 4640 1030 4707 bei,
1046 4641 1094 4697 sed
1116 4653 1150 4695 sn
1175 4654 1261 4709 poena
1284 4640 1389 4711 peccati
1408 4638 1590 4710 processisse,
1609 4637 1763 4707 iterumque.

143 4732 256 4782 cresim
270 4728 377 4784 mndita
392 4740 444 4785 est.
460 4729 579 4803 Siupslir
592 4736 662 4789 mm
674 4736 803 4805 pmribus,
815 4743 846 4791 ut
858 4735 918 4807 ipse
970 4741 1035 4804 post
1062 4728 1222 4788 eatbulioam
1255 4731 1376 4786 omnium
1408 4743 1551 4799 eorporum
1586 4729 1762 4785 resurrectio·

144 4816 332 4887 attenuatum
352 4822 486 4877 mom
506 4832 666 4890 &tremum
689 4834 803 4897 cognata
815 4840 917 4882 vocans
970 4840 1033 4883 nem
1042 4825 1155 4896 ¹¹,quae
1168 4825 1195 4883 in
1209 4823 1263 4879 line
1273 4823 1366 4879 mundi
1378 4820 1468 4878 lutura
1482 4829 1533 4888 est,
1551 4820 1638 4892 ipsam
1651 4819 1762 4875 divisio·

145 4917 253 4967 errtreuve
267 4926 380 4985 corpora
392 4915 538 4987 omniaque
549 4916 675 4972 visibilia.
697 4917 770 4974 liaeo
783 4919 854 4974 enim
868 4933 919 4974 ex·
968 4933 1032 4976 nem
1046 4932 1099 4973 non
1115 4915 1231 4987 amplius
1240 4924 1454 4986 permansuram,
1471 4913 1555 4968 sedin
1567 4912 1696 4967 unbaem
1706 4911 1762 4982 prl-

145 5002 294 5060 trerniutem
312 5004 454 5063 universae
465 5015 606 5070 ercamrao
618 5008 745 5065 deorsum
761 5022 855 5065 versus
868 5010 917 5067 ob·
970 5010 1109 5071 mordiaiis
1123 5007 1286 5071 monitionis
1296 5005 1319 5039 ¹¹
1331 5014 1445 5062 naturae
1455 5004 1479 5036 ¹¹
1497 5017 1679 5060 reversuram.
1695 5002 1762 5071 Quis

767 5122 895 5180 initiali
914 5122 1118 5181 LECTiONES.

178 5209 453 5285 ‘bicubirproomd
491 5214 867 5286 “Sirmnbbuuepunue
906 5215 1155 5285 ⁸Siedii;iiipre.
1193 5210 1361 5277 ‘sisinnii
1377 5209 1511 5265 Montius.
1550 5204 1758 5271 'siccatum

146 5280 344 5348 alienemus.
381 5284 862 5353 ‘Sicelmcconuitsiturnuturm
901 5287 1038 5351 'Sicdlh
1059 5285 1261 5354 sueturertom.
1277 5281 1311 5336 Α.
1347 5276 1584 5336 'bumoerroiem
1622 5274 1757 5339 'Siccil3

146 5352 201 5407 ter.
217 5352 235 5385 ¹¹
256 5353 344 5423 Cani,
360 5355 428 5412 acb
439 5357 560 5412 uotiuum.
591 5356 613 5391 ¹¹
626 5354 672 5411 Sic
685 5355 745 5423 AC;
759 5355 963 5426 Doupierrtium.
984 5357 1006 5387 ¹¹
1022 5356 1068 5410 Sic
1081 5353 1141 5419 CD;
1161 5351 1321 5408 Aconriurir
1338 5350 1456 5404 breuiter.
1478 5346 1603 5413 ¹¹,siocn
1617 5345 1757 5414 etAmbiq.

146 5421 257 5489 latium
277 5425 325 5479 olli
418 5426 513 5489 mont.
562 5424 847 5497 ebrocensibus.
865 5422 1075 5491 borlerano
1087 5422 1268 5480 substantium.
1307 5420 1330 5453 ¹¹
1356 5418 1403 5476 Sic
1423 5418 1468 5474 cb
1492 5417 1639 5487 arentin.
1666 5416 1756 5480 Mil-3

145 5491 188 5547 bs
205 5494 350 5565 umpirum.
387 5496 395 5528 ¹
424 5496 731 5567 SieBClletAmbiqea
744 5492 1158 5565 liarimi3rletiudiliinibilem
1173 5491 1345 5547 substantium
1369 5503 1402 5544 ex
1419 5501 1452 5542 eo
1478 5496 1531 5543 cet.
1571 5487 1591 5518 ¹¹
1607 5485 1761 5553 Probooq

146 5563 243 5646 vrbo
272 5565 443 5634 ''Siedblh
467 5568 563 5625 enee.
611 5568 634 5601 ¹¹
648 5567 694 5623 Sic
719 5567 803 5635 CDE;
828 5568 942 5624 diriter.
990 5565 1014 5599 ¹⁰
1032 5563 1080 5621 Sic
1100 5560 1448 5631 (immurmurantem
1468 5558 1583 5613 mnium
1608 5571 1759 5623 comoranti.

146 5634 322 5692 ¹¹nuurtonb
347 5637 450 5694 suam
487 5640 582 5697 ¹¹Sie.
610 5638 697 5707 Ab&
717 5636 739 5695 G
763 5648 859 5695 terroe

882 5749 1011 5823 norbet

181 5859 287 5919 ¹ilerbis
301 5858 433 5915 lioeteruu
447 5857 667 5933 defidioitioniirur
679 5866 731 5914 oet.
747 5865 837 5912 textus
850 5854 953 5912 codicis
966 5854 986 5908 Ε
1001 5855 1087 5907 rionuo
1105 5846 1205 5917 incipit.
