4167 6625
19 3669 20 3674 ,
99 3625 248 3695 gloriosum
262 3642 353 3696 reperii
366 3628 517 3690 lhotarium
531 3634 654 3689 exercuit
672 3634 827 3689 sollicitudo
843 3642 888 3689 iiia

105 395 171 457 liil
706 403 884 464 tristotm
903 407 947 463 ΕΤ
965 406 1134 465 oscum.
1657 401 1728 465 ¹2⁶2

104 516 184 569 sicuti
212 513 333 584 corporis
348 513 448 585 proprii
467 517 618 572 membrum
637 514 775 580 dilectum,
792 532 889 585 proro-
903 526 925 583 Α
941 518 1087 575 secundum
1098 517 1281 575 dehnitionem
1292 515 1479 589 prenominati
1489 517 1651 574 sanctissimi
1662 531 1728 589 prze-

104 620 151 660 res
175 604 252 672 Quod
266 606 289 660 ii
300 607 336 659 ob
346 606 452 662 itineris
462 606 655 678 longitudinem
665 617 694 662 et
705 608 889 676 asperitatem,
930 608 1007 664 -sulis
1028 608 1204 675 exhibuistis,
1230 608 1407 664 laudavimus.
1430 607 1464 663 lit
1486 606 1551 662 licet
1574 608 1607 661 ad
1630 607 1727 662 serieiii

103 694 148 749 rel
160 695 277 764 aliquam
304 697 395 753 carnis
420 697 676 762 incommoditatem,
692 699 725 752 ad
739 714 786 755 ros
808 703 891 769 usqne
941 710 1031 751 rerum
1044 705 1181 768 gestarum
1195 698 1255 753 luce
1269 696 1368 752 clarius
1380 695 1577 768 agnoscendam
1589 709 1641 750 nou
1657 692 1730 748 sulli-

103 784 161 853 ipsa
183 786 327 855 perventis
349 786 494 852 distulerit,
523 788 686 860 elegeritque
713 790 739 845 in
764 791 891 861 aliopro-
940 788 1023 851 ciant,
1045 803 1105 857 quie
1130 797 1183 844 tam
1209 789 1243 845 de
1269 788 1386 844 Ebbonis
1407 786 1566 855 deiectione,
1588 801 1669 855 quam
1697 784 1729 838 de

101 872 291 943 prietatissiire
302 875 420 932 loeosibi
431 877 491 931 utili
504 878 591 947 inagis
603 879 761 943 consistere,
771 881 889 946 interim,
928 880 983 936 his
1005 895 1066 951 quie
1088 882 1259 950 postmodum
1286 889 1345 936 aeta
1370 889 1433 936 sunt
1455 880 1619 935 unanimitas
1638 886 1729 931 vestm

102 962 190 1016 iliinec
201 963 329 1032 synodos,
346 973 375 1018 ut
393 966 577 1034 pentinum,
591 966 645 1025 dat
663 966 736 1022 salia
749 977 779 1023 et
790 969 891 1024 ineulu-
939 970 1093 1042 descripsit,
1113 979 1141 1026 et
1158 969 1283 1026 nonnulla
1304 970 1400 1025 rationi
1419 978 1516 1024 restrae
1530 968 1619 1024 desint
1634 980 1728 1022 eorum

101 1051 154 1106 niis
165 1051 216 1107 snb
229 1063 319 1108 uestro
334 1055 415 1125 regali
432 1056 545 1111 tuitione
568 1064 649 1126 atquc
673 1056 829 1112 delensioiie
849 1073 891 1113 se·
939 1077 1000 1132 qnae
1016 1062 1156 1133 superbis
1173 1071 1249 1134 qesta
1267 1069 1340 1128 sunt,
1357 1075 1470 1132 quaeque
1484 1059 1540 1130 jam
1564 1066 1729 1117 memoratus

101 1157 167 1196 cura
195 1154 372 1211 penuaueii3
400 1145 551 1216 habeatque.
566 1147 595 1203 in
611 1153 745 1216 potestate
755 1163 804 1202 soa
817 1148 890 1218 ipsas
939 1161 968 1207 ei
983 1165 1090 1222 semper
1102 1152 1292 1207 memorandus
1305 1150 1425 1221 pontiier
1442 1146 1597 1220 apostolica
1611 1146 1667 1203 sedi
1686 1160 1731 1204 ru·

100 1229 225 1284 obliariis
234 1245 303 1300 quis
312 1233 336 1287 ei
350 1232 416 1288 daie
434 1234 490 1304 ipse
502 1249 550 1289 ore
560 1235 670 1304 proprio
685 1236 844 1305 promisisti,
857 1237 891 1293 ile
940 1239 988 1293 luit
1001 1254 1035 1295 ex
1046 1240 1150 1311 inteqro
1165 1240 1296 1306 reserari;
1310 1240 1383 1311 pium
1398 1248 1489 1295 tamen
1500 1237 1618 1294 laborem
1632 1245 1730 1293 restrae

99 1333 217 1388 quarum
232 1322 384 1392 sumptibus
395 1332 475 1394 atque
494 1325 625 1384 reditibus
635 1327 790 1382 necessaria
804 1328 891 1399 possit
940 1330 1091 1386 sanctitatis
1110 1338 1137 1386 et
1158 1331 1276 1386 studium
1296 1345 1350 1386 noii
1368 1329 1455 1385 solum
1474 1327 1619 1392 laudabile,
1639 1327 1732 1382 sedet
1762 1328 1769 1399 ζ

100 1409 493 1487 haberestipendiadiqnaque
509 1415 640 1470 subsidia.
654 1415 702 1470 Sin
716 1432 782 1473 uero
805 1418 889 1489 quili-
940 1416 1017 1488 lonqe
1045 1418 1151 1488 lateque
1181 1417 1352 1488 praedicabile
1376 1416 1540 1488 judicamus.
1574 1414 1728 1471 innocentia

99 1496 144 1552 bet
157 1506 278 1554 restrum
291 1500 318 1555 ei
331 1500 448 1571 aliquam
462 1501 544 1559 fuerit
554 1504 661 1560 molitus
672 1507 889 1562 contrarietatem
939 1508 1038 1578 quippe
1049 1506 1106 1577 iam
1118 1523 1190 1564 nunc
1203 1507 1296 1563 fratris
1309 1515 1337 1564 et
1350 1507 1501 1578 coepiscopi
1512 1506 1597 1561 nostri
1609 1503 1729 1560 Woliadi

98 1589 212 1656 iulerre,
229 1602 277 1648 aut
288 1593 438 1664 periculose
448 1598 650 1667 presumpserit
661 1613 770 1665 nocere,
784 1600 890 1656 seiatse
940 1607 967 1655 et
987 1599 1150 1670 collegarum
1172 1597 1241 1668 elus,
1264 1613 1345 1669 quam
1366 1598 1474 1668 quidam
1495 1611 1636 1667 emergens
1651 1608 1730 1650 casos

97 1683 208 1739 anobis
217 1685 338 1754 perpetui
353 1686 532 1742 anathematis
544 1688 652 1745 vinculo
661 1701 721 1749 esse
732 1689 826 1760 procul
838 1689 890 1745 du·
940 1705 989 1762 per
1003 1705 1056 1746 aon
1071 1689 1161 1745 breuis
1176 1690 1303 1761 temporis
1316 1687 1542 1759 intercapedinem
1552 1685 1730 1743 obumbrave-

96 1774 350 1842 hioinnodandurn,
364 1786 393 1832 et
403 1780 437 1834 ab
446 1780 519 1835 omni
532 1779 749 1837 Christianorum
774 1796 889 1838 consor·
941 1790 992 1845 rat,
1010 1779 1202 1837 retractatione
1220 1789 1248 1835 et
1266 1777 1440 1836 refricatione
1454 1783 1551 1832 restria
1573 1782 1687 1830 saerata
1704 1780 1733 1827 ei

98 1866 136 1922 tio
158 1868 356 1937 separandum
381 1877 407 1924 te
429 1877 536 1937 autem,
563 1872 585 1928 si
611 1872 709 1927 talibus
725 1886 886 1929 consensum
903 1861 925 1920 Β
940 1870 1092 1942 apostolice
1105 1870 1178 1926 sedis
1194 1871 1353 1925 auctoritate
1373 1867 1529 1937 frequenter
1546 1866 1673 1922 adunate
1687 1879 1733 1920 so·

96 1955 258 2022 praebueris,
273 1958 435 2014 omnimodis
448 1961 748 2016 excommunicandum.
940 1960 1035 2024 lerdae,
1052 1974 1124 2025 ecoe,
1138 1959 1194 2014 lleo
1210 1958 1321 2030 gratias,
1337 1957 1411 2012 uenit
1422 1956 1455 2011 ad
1472 1955 1569 2021 lucem,
1582 1963 1610 2009 et
1620 1953 1732 2025 iustitiis

475 2091 513 2147 Ηο
941 2049 1100 2107 suetudine
1119 2049 1152 2103 ad
1169 2049 1289 2104 omnium
1309 2048 1419 2105 omuino
1439 2045 1629 2101 certitudinem
1658 2043 1731 2097 foras

206 2190 241 2230 A„
254 2190 533 2234 ,mfflwmmffl
546 2195 782 2238 Ancu'fflscopuw
940 2141 1017 2211 quasi
1036 2139 1101 2195 solis
1119 2138 1246 2208 splendor
1259 2136 1389 2193 extendit.
1408 2136 1522 2205 ideoque
1543 2149 1593 2191 nus
1609 2141 1731 2189 restrum

407 2271 496 2340 (Anno
508 2271 583 2338 333.)
937 2230 1079 2332 judicium,
1094 2244 1127 2285 ac
1141 2238 1258 2334 vestram
1279 2227 1563 2331 sententiamquam
1577 2223 1731 2296 apostolicae

97 2356 203 2412 Laudat
217 2358 275 2428 ejus
290 2359 372 2414 telum
381 2362 527 2443 iuqruiique
540 2379 649 2416 acumen
667 2362 694 2416 iri
708 2365 888 2433 promouendis
941 2317 1013 2377 sed*
1026 2335 1151 2425 Μωῗηῖ*
1167 2327 1236 2376 Μ
1248 2326 1337 2388 “mg'‘
1350 2316 1426 2382 Μ’
1439 2323 1586 2385 praeoessn’
1598 2312 1731 2385 appmba'

361 2431 465 2485 tritius,
480 2433 629 2502 mmmmm,
940 2425 1017 2477 mus,
1035 2411 1202 2467 admittimus
1222 2418 1249 2466 et
1271 2408 1493 2472 corroboramus3
1509 2413 1590 2475 atque
1608 2402 1728 2473 postula·

940 2499 1006 2555 tioni
1023 2507 1129 2563 restrae,
1145 2499 1188 2554 eui
1208 2498 1352 2568 quidquam
1374 2496 1465 2566 negari
1479 2492 1661 2550 difficillimum
1675 2500 1727 2550 est.

128 2539 271 2597 mum
295 2555 447 2613 epmmpus'
467 2555 563 2598 smus
577 2557 717 2600 mmm
740 2543 797 2608 ⁰⁰¹⁹
815 2560 891 2601 Μ’
940 2596 1100 2652 annuentes,
1112 2587 1145 2642 ad
1156 2586 1302 2658 pleniorem
1315 2583 1554 2644 coiihrmationem,
1567 2578 1730 2651 usuiupallji

96 2630 254 2686 reiiiissimo
279 2639 306 2686 ei
335 2632 506 2690 strictissimo
531 2632 662 2689 confratri
689 2644 782 2690 nostro
804 2636 889 2692 hooui
941 2679 947 2694 .
1027 2679 1033 2692 .
1163 2679 1171 2690 .
1454 2674 1459 2686 ·
1509 2674 1515 2687 ·
1583 2673 1590 2686 ·

97 2717 244 2777 Viennensi
259 2723 474 2796 archiepiscopo·
604 2704 610 2711 ·
936 2696 993 2750 Jain
1008 2679 1081 2735 dicto
1093 2678 1171 2786 lratri
1185 2686 1280 2768 nostro
1294 2675 1420 2783 Woliado
1431 2674 1591 2730 bituricensi
1604 2680 1729 2781 antistiti,

132 2811 251 2884 Legatos
263 2830 324 2870 euni
345 2814 443 2872 litteris
465 2831 479 2870 a
500 2817 669 2873 beatitudine
688 2826 733 2871 tua
749 2816 888 2874 decessori
939 2773 1087 2830 mundum
1113 2787 1232 2878 imfefn
1256 2770 1495 2877 muffueludmfm’
1516 2770 1556 2872 ad·
1573 2775 1732 2870 μηιιῖωιθι

100 2914 160 2956 meo
174 2910 277 2956 sam
288 2905 425 2960 mmm
446 2920 522 2975 βψω
543 2906 654 2962 Nicolao
672 2906 888 2973 desumusyme
939 2863 1731 2969 deciiseeclesiaesibicommissae,etinsimctionemipsios

99 2992 126 3046 in
140 2992 205 3047 sede
218 2992 301 3060 illius,
323 2995 387 3064 quia
409 2995 448 3051 sic
465 2996 595 3052 [lominus
619 2996 714 3062 uoluit,
734 2998 887 3054 ordinatum
939 2957 1125 3060 ⁰⁰⁰⁰⁰d¹f⁰¹¹⁵'
1140 2954 1217 3023 ⁰⁰⁰⁰
1232 2962 1314 3058 imm
1334 2967 1406 3023 me
1422 2958 1586 3055 memmfus
1604 2949 1732 3005 dmm

100 3083 212 3137 inuenit.
233 3082 267 3137 ltt
285 3084 348 3154 quia
369 3084 504 3141 noluimus
518 3084 651 3143 lmstrare
675 3088 750 3158 pium
769 3089 887 3144 studium
939 3047 1206 3151 ”qsffwfndudunl
1229 3045 1346 3100 mmet
1364 3048 1509 3145 aqut-'em'-
1524 3057 1547 3098 ⁸¹
1571 3056 1632 3111 qum
1656 3055 1729 3143 smne

940 3146 1052 3193 misistis
1075 3150 1133 3206 ipse
1153 3142 1295 3205 reciperet,
1319 3131 1361 3188 uel
1379 3146 1403 3187 si
1423 3148 1445 3188 is
1464 3147 1510 3203 qui
1527 3131 1579 3187 boc
1592 3144 1730 3200 suscipere

19 3196 20 3211 ἵ
100 3181 187 3276 ‘³⁰⁰3’
204 3189 258 3229 ”⁰¹¹
280 3175 352 3278 mins
376 3177 446 3281 '5⁰⁰3
470 3176 536 3281 Q
555 3186 666 3249 ”mmet
681 3179 762 3251 legun
783 3195 923 3267 'nmmo
940 3228 1089 3284 conabatur
1109 3223 1299 3285 aBituricensi
1314 3224 1412 3279 missus
1443 3222 1584 3279 roboretur
1598 3219 1719 3276 Ecclesia

99 3272 199 3333 partim
214 3264 248 3320 de
260 3264 302 3322 lus
316 3281 376 3337 qoae
388 3268 521 3339 scripsisti
533 3266 697 3326 lramrntiait
714 3278 886 3342 tuaerespon·
1091 3267 1098 3291 ¹
1423 3239 1440 3293 p
1722 3257 1730 3274 ⁸

100 3352 199 3408 diinns.
213 3352 347 3410 Debemus
370 3355 442 3411 enini
467 3357 493 3412 ei
515 3358 647 3415 inlabere
667 3360 823 3425 succedere,
844 3360 888 3417 cui

99 3443 210 3511 perlici
227 3445 341 3514 qratiam
360 3448 539 3504 successimus
563 3450 590 3504 in
613 3451 724 3506 bonore.
748 3453 831 3526 igitur
855 3454 889 3511 de

99 3533 282 3591 admonitione
299 3553 379 3606 quain
402 3553 451 3608 per
474 3537 636 3598 Waltarium
659 3542 788 3599 comitem
813 3544 888 3600 circa

940 3321 993 3378 Sed
1003 3320 1074 3391 quod
1087 3319 1132 3376 ille
1146 3334 1198 3376 non
1212 3319 1277 3392 egit,
1288 3331 1351 3373 ecee
1364 3331 1414 3372 iios
1423 3315 1537 3388 egimus.
1546 3313 1616 3381 Quin
1627 3310 1728 3385 potius.
1769 3356 1771 3359 .

939 3413 1010 3484 qnod
1026 3412 1071 3468 ille
1089 3411 1219 3482 perlicere
1240 3409 1446 3473 deliberaverat,
1466 3422 1516 3462 nos
1534 3392 1598 3463 ec'ce
1611 3406 1667 3461 beo
1681 3419 1730 3458 au·

939 3513 1014 3558 ctare
1026 3500 1218 3572 supplevimus.
1235 3498 1292 3557 Non
1307 3498 1404 3569 quippe
1418 3505 1461 3552 est
1472 3496 1614 3552 diversitas
1626 3492 1729 3565 operis,

938 3593 983 3648 ubi
1004 3600 1118 3661 estona
1135 3590 1284 3661 eademque
1309 3588 1452 3646 concordia
1475 3585 1622 3643 uoluntatis
1637 3598 1644 3643 i
1661 3599 1730 3654 pra-

938 3687 1031 3742 sertim
1058 3699 1120 3741 cum
1144 3683 1289 3740 debeamus
1306 3683 1332 3740 ei
1354 3683 1382 3737 iii
1403 3682 1494 3738 labore
1512 3679 1669 3744 succedere,
1684 3677 1730 3733 ciii

938 3777 1117 3832 successimus
1132 3776 1158 3830 in
1172 3776 1284 3830 honore.
1297 3769 1428 3829 Nimiroii'i
1442 3772 1487 3842 qui
1502 3786 1595 3827 somus
1611 3775 1642 3822 ut
1653 3766 1731 3822 Psal·
1748 3841 1751 3844 ‚

938 3869 1017 3925 mista
1031 3868 1126 3925 canit:
1144 3864 1197 3921 Pro
1216 3866 1334 3937 patribus
1352 3866 1408 3918 nuti
1424 3863 1474 3932 filii
1492 3861 1578 3935 (Proh
1600 3858 1685 3930 xiii),
1701 3867 1750 3913 ct.

937 3958 1089 4021 constituti,
1114 3956 1239 4026 quamuis
1259 3954 1338 4025 longe
1365 3952 1470 4007 meritis
1496 3953 1622 4020 impares,
1648 3962 1730 4018 super

935 4062 1044 4107 omnem
1062 4044 1223 4102 universalis
1237 4052 1339 4099 saneta
1359 4041 1485 4097 Ecclesiae
1505 4050 1614 4108 terrani.
1628 4037 1750 4093 preca--

937 4155 997 4196 mur
1011 4146 1114 4203 autem
1128 4144 1156 4191 et
1173 4135 1349 4192 obsecramus
1362 4134 1389 4190 iii
1403 4133 1526 4199 bomine,
1540 4141 1569 4188 ut
1583 4132 1660 4188 sii-uti
1675 4145 1725 4186 nos
1745 4170 1750 4181 ,

924 4230 1072 4287 ,unanimis
1082 4226 1260 4284 fraternitatis
1279 4235 1376 4282 restra
1391 4225 1516 4296 precibus
1531 4225 1684 4286 annuimus,
1699 4232 1742 4279 et»

98 4343 155 4400 lice
176 4344 374 4402 recordationis
396 4347 523 4403 decessor
537 4358 629 4405 noster
641 4365 723 4420 super
741 4350 792 4403 hac
810 4358 835 4404 te
857 4350 883 4405 in
935 4334 1075 4376 ‘mmmm
1088 4318 1121 4374 ⁶⁰
1132 4326 1232 4372 mm
1248 4331 1301 4371 '¹⁰¹¹
1314 4314 1400 4372 ³⁰¹¹¹m
1416 4315 1443 4369 ³¹¹
1456 4314 1518 4379 ω’
1536 4312 1583 4368 ⁵⁶⁶
1598 4313 1625 4367 ³¹¹
1638 4312 1727 4367 σφω’

98 4434 213 4502 Gallias,
226 4444 255 4492 et
264 4437 298 4493 ad
311 4453 406 4495 omnes
420 4440 561 4510 episcopos
575 4440 693 4495 ultra...
707 4441 809 4510 positos
825 4440 885 4496 des-
935 4409 985 4465 ¹³⁰⁸
999 4409 1119 4479 mmm
1133 4405 1316 4477 diffinimus?
1334 4403 1372 4459 3²³
1388 4416 1495 4472 ‘¹¹¹⁰‘l¹¹⁰
1509 4416 1563 4457 Μ·
1572 4401 1638 4456 '⁰⁰5⁸
1652 4416 1726 4456 ”¹¹⁰⁶

98 4528 205 4595 tinarit,
231 4529 362 4597 indicant,
386 4541 414 4587 et
436 4532 515 4589 sicuti
540 4534 661 4590 nonnulli
685 4535 817 4605 primores
838 4551 883 4600 nr,
900 4501 1007 4602 bi⁰¹³⁸
1020 4496 1377 4599 ⁸³⁸iss³⁰foepf⁰⁰⁰mm⁰ff⁹
1391 4494 1727 4597 crebm.dicmfn.³p⁰⁵¹⁰‘
1755 4522 1763 4537 ’

97 4628 158 4683 mq
176 4636 237 4691 m
249 4622 277 4675 in
287 4638 337 4677 m·
347 4623 435 4677 codice
446 4623 641 4682 desiderantur.
938 4589 996 4644 lice
1009 4587 1206 4643 recordationis
1218 4600 1314 4657 popam
1334 4583 1474 4640 Nicolaum
1488 4599 1515 4638 in
1528 4582 1666 4640 codicibus
1682 4583 1726 4640 rel

467 4733 500 4788 m
936 4677 1072 4749 diptychis
1089 4676 1267 4735 eeclesiarum
1290 4681 1442 4731 uestrarum
1464 4673 1558 4741 scribi,
1579 4680 1606 4728 et
1626 4685 1725 4727 nomen

303 4815 338 4854 A„
356 4816 476 4858 mm„
496 4773 682 4859 mmm·
936 4769 995 4841 ejus
1017 4768 1088 4822 iuter
1106 4782 1182 4821 sacra
1197 4766 1339 4822 missarum
1360 4763 1490 4820 solemnia
1507 4763 1727 4833 impraetermisse

403 4892 492 4963 (Anno
503 4893 579 4965 868.)
637 4896 640 4900 Δ
938 4860 1047 4916 recitari
1065 4858 1171 4914 iacietis
1187 4877 1194 4912 :
1211 4859 1249 4913 ita
1266 4867 1295 4912 nt
1318 4856 1378 4913 aliis
1400 4870 1508 4927 quoque
1532 4854 1674 4920 iratribus,
1699 4864 1727 4911 et

99 4975 198 5032 propa(
218 4980 325 5034 mmm
348 4984 375 5036 5„
398 4983 548 5065 ,opimum
566 4988 644 5055 m
667 4987 830 5058 mmmmm
861 4999 886 5044 a
937 4951 1090 5006 dioeeeseon
1111 4956 1263 5019 uestrarum
1288 4946 1486 5011 sacerdotibus,
1507 4945 1624 5016 idipsum
1645 4958 1728 5015 agere

132 5049 243 5116 pultium
257 5052 373 5104 concedit
387 5051 523 5121 tintinna.
539 5053 669 5109 Hortatur
681 5068 709 5109 itt
725 5031 886 5113 ivicotai’uo·
936 5038 1108 5111 difficillimi&
1127 5036 1307 5093 Nih3¹⁰¹¹¹³⁰¹¹⁸
1326 5050 1391 5113 5⁰¹⁰
1407 5036 1521 5091 mmm
1538 5042 1635 5091 ΝΜ
1658 5033 1726 5089 ‘¹5¹⁰'

134 5132 191 5170 uieu
208 5117 321 5199 scribunt
334 5121 361 5174 iii
375 5122 513 5191 diptychis,
529 5134 685 5195 inmanique
699 5126 885 5193 nequidquam
937 5128 1018 5185 ctioni
1029 5141 1167 5194 commus,
1182 5135 1209 5182 et
1220 5126 1406 5191 admonemus,
1421 5133 1450 5179 ut
1471 5133 1524 5179 iani
1535 5122 1638 5179 Giaecis
1650 5122 1726 5192 prin·

133 5197 224 5241 mmm
242 5204 300 5257 ‘lu‘
313 5198 374 5243 “m
388 5190 426 5245 ⁰⁶¹
437 5196 540 5246 “mi“
551 5201 673 5248 mmm·
936 5218 1052 5290 cipibus,
1065 5233 1146 5287 quam
1161 5216 1285 5272 omnibus
1296 5215 1406 5270 omnino
1421 5210 1538 5269 clericali
1554 5209 1726 5280 iungentibus

133 5297 270 5355 Annianus
285 5302 697 5372 episcopus,serrusserromm
712 5305 770 5374 liei,
786 5316 885 5363 sanctae
936 5308 1030 5363 ordine
1047 5313 1141 5362 eontra
1165 5318 1308 5375 personam
1324 5303 1393 5375 ejus,
1412 5301 1455 5358 rel
1476 5308 1535 5355 acta
1552 5314 1600 5355 seo
1615 5299 1725 5353 decreta
1763 5324 1768 5335 ·

97 3715 299 3788 quassanti-s
313 3720 493 3789 rependimus.
510 3719 539 3774 ln
552 3735 584 3777 eo
596 3721 694 3792 quippe
711 3731 737 3777 tc
751 3722 888 3792 precipue

98 3805 261 3862 industrium
274 3818 408 3877 pastorem
431 3810 564 3866 Dominici
578 3812 668 3882 gregis
687 3812 819 3875 ostendis,
833 3826 888 3882 quo

99 3895 213 3951 insidias
228 3897 282 3967 lupi
300 3900 489 3969 praecavendas
500 3913 560 3955 esse
577 3900 657 3971 longe
670 3902 774 3970 positus
787 3898 887 3955 adhor-

99 3987 175 4042 taris.
198 3986 379 4043 Perseiutatis
403 3998 534 4060 praterea
560 3990 798 4061 quaterniunculis,
819 4004 887 4062 quos

97 4075 167 4130 idem
186 4075 292 4147 leqatus
310 4077 420 4144 detulit,
445 4080 580 4152 ingenium
603 4087 631 4136 et
651 4096 764 4137 acumen
791 4097 887 4138 sensus

98 4165 134 4219 liii
147 4166 239 4220 mirari
252 4182 354 4234 sumus,
368 4176 396 4223 et
407 4176 546 4225 auctorem
560 4170 884 4242 protinuacollaudamus.

100 4254 199 4311 Verum
214 4257 283 4313 sicot
302 4258 465 4329 exemplaria
487 4261 673 4330 epistolarum,
695 4277 755 4332 quie
777 4270 885 4331 aposto·

98 5394 126 5438 et
139 5389 165 5440 in
177 5386 283 5446 Christo
295 5391 436 5463 diliqendae
447 5394 550 5464 synodo
560 5396 630 5466 apud
643 5394 743 5453 ‘liecas
755 5397 882 5454 collecta.
937 5397 1032 5469 ipsius,
1052 5411 1132 5468 agere
1149 5396 1192 5451 rel
1213 5395 1360 5451 decernere
1383 5393 1527 5464 quidquam
1544 5389 1722 5453 tentantibus.

134 5476 285 5550 legationis
298 5494 394 5539 vestrm
411 5485 520 5556 scripta,
542 5486 629 5542 beatae
644 5488 780 5544 nienoriae
793 5489 884 5544 deces-
937 5497 992 5543 tam
1007 5486 1099 5552 verbo,
1119 5500 1201 5557 quam
1219 5485 1320 5556 scripto
1335 5480 1449 5538 uiriliter
1467 5479 1589 5544 obvietis,
1605 5493 1637 5535 ac
1653 5477 1723 5534 rali-

100 5565 155 5619 sori
168 5582 226 5623 meo
239 5585 314 5639 papas
333 5570 442 5628 Nicolao
454 5574 546 5639 missa,
561 5590 611 5631 iios
623 5572 678 5644 jam
693 5575 719 5630 iii
734 5575 798 5631 sede
813 5574 883 5631 illius
936 5577 1047 5635 dissime
1068 5576 1211 5634 resistatis.
1229 5576 1351 5632 Scientes
1361 5583 1505 5645 praterea,
1520 5573 1582 5644 quia
1597 5586 1722 5644 quacun·

100 5652 189 5712 diilua
199 5660 350 5733 dignatione
362 5662 442 5720 locati
452 5667 628 5734 suscepimus,
640 5665 880 5737 promptissimam·
935 5679 987 5736 qne
999 5665 1044 5723 liic
1058 5667 1187 5722 aduersos
1201 5665 1259 5737 ejus
1275 5678 1428 5735 personant,
1448 5662 1489 5718 rel
1504 5663 1613 5718 decreta
1626 5675 1723 5734 geren·

100 5748 338 5813 que'obedientiam
351 5764 478 5821 restrum,
491 5772 570 5825 quain
582 5758 608 5812 in
621 5756 776 5826 colligendis
788 5758 879 5829 gestis,
935 5766 988 5823 tur,
1002 5772 1046 5813 ine
1064 5757 1107 5813 his
1120 5771 1256 5827 nunquam
1274 5755 1448 5827 praebitorum
1463 5752 1522 5811 lore
1537 5767 1698 5810 consensum
1711 5769 1722 5809 a
