4167 6625
97 355 162 424 m
216 311 222 316 ,

518 363 564 430 DE
583 371 753 432 utttstutts
770 365 945 432 astutias.
964 405 999 418 -
1017 369 1117 431 ttustt
1137 367 1325 433 SECUNDUS.

1672 375 1726 436 old

96 477 197 531 adlrne
210 478 333 532 sinuatum
347 478 465 549 ejusdem
485 485 599 553 exempli
620 489 738 540 intentus
758 487 887 555 perspice.
902 494 926 550 p
940 484 1010 537 sient
1027 485 1115 555 again
1131 484 1220 550 Patre,
1231 496 1260 540 et
1271 487 1352 541 Pater
1366 486 1392 541 iu
1408 502 1452 543 rue
1468 481 1498 554 ’ς
1521 485 1558 544 ita
1579 494 1609 545 et
1631 504 1679 562 ego
1696 483 1741 548 et¹

96 564 211 619 lindius
224 567 280 636 ipse
289 584 321 622 ex
334 570 395 637 igue
406 588 519 628 irascens
530 590 580 629 non
594 576 631 629 ita
645 577 773 639 nascitur,
796 585 825 629 ut
845 577 886 644 gi·

94 665 232 722 guenteat
243 675 273 712 se
284 659 371 728 ignem
382 661 541 718 deseratant
551 665 641 735 aliquo
654 668 733 720 ruodo
742 668 884 738 relinquen

93 747 148 798 sed
163 747 201 799 ita
214 749 342 817 gignitur,
356 760 384 805 ut
400 753 487 808 virtus
501 756 591 825 ignea,
610 773 679 825 quae
706 773 767 812 euru
790 760 885 828 gignit,

92 849 211 904 semper
222 846 251 890 et
264 839 361 906 ubique
376 841 590 910 inseparabiliter
603 854 631 899 et
643 845 845 902 irrrmatabiliter
858 849 885 902 iu

90 941 129 978 oo
143 942 314 996 permaneat,
327 941 381 986 tota
396 935 423 989 in
437 945 503 998 toto,
513 947 541 991 et
553 937 660 992 tutusiu
677 945 741 1004 tota,
755 948 783 994 et
802 956 885 995 unrrtn

87 1019 162 1080 ιιιιιι.
175 1033 205 1076 et
217 1025 271 1078 duo
281 1041 374 1082 unum.
394 1029 428 1098 lit
446 1033 570 1100 quamuis
580 1035 701 1088 rideatur
715 1033 841 1103 splendor
852 1032 886 1086 de

87 1110 176 1162 radio
189 1112 273 1175 exire.
288 1131 340 1170 nou
359 1126 448 1173 manen
469 1135 502 1174 ex
526 1121 584 1190 ipso
599 1123 685 1185 radio,
707 1122 734 1177 iu
754 1133 884 1190 qnantum

86 1198 192 1254 mains
205 1211 256 1264 est,
267 1205 314 1258 sed
325 1219 359 1259 ex
380 1215 389 1247 ¹
401 1208 459 1277 ipsa
473 1211 572 1266 virtute
582 1212 711 1281 procedit,
725 1228 758 1266 ex
772 1227 824 1280 qua
839 1227 884 1265 ra·

85 1287 157 1342 dius
173 1292 305 1360 nascitur,
314 1305 342 1350 et
354 1312 423 1365 quae
436 1308 491 1354 tota
502 1310 529 1355 et
540 1309 623 1355 totum
639 1301 744 1355 radium
758 1312 785 1354 et
798 1309 884 1354 totum

939 578 1061 632 Pateria
1080 577 1181 647 Spiritu
1197 571 1291 633 saneto
1311 595 1414 644 sumus,
1426 589 1454 635 et
1477 580 1595 652 Spiritus
1614 591 1724 639 sarnatus

937 666 965 719 in
980 666 1057 721 uobis
1070 675 1121 731 est,
1142 667 1204 734 apua
1218 666 1296 722 aubis
1307 669 1505 735 coessentialis,
1520 680 1547 725 et
1561 671 1721 739 coaequalis.

936 762 964 808 et
977 763 1031 808 tres
1051 770 1133 808 rmum
1148 769 1250 811 sumus.
1274 766 1327 810 tres
1350 756 1474 812 uidelicet
1496 760 1721 826 substantialiter,

935 845 1115 899 essentialiter
1129 861 1220 900 uniam.
1235 846 1342 910 Ettiile,
1355 848 1489 916 quomodo
1499 849 1556 920 ipse
1567 850 1650 906 Filius
1661 850 1723 921 spt-

936 935 1015 987 rituat
1031 942 1154 987 sanetum
1169 934 1203 988 ad
1216 933 1302 988 solum
1313 934 1430 999 Patrem.
1443 937 1548 991 unicam
1564 941 1661 1009 qnippe
1677 937 1720 996 sul

934 1038 1042 1077 musam
1063 1022 1155 1088 relert,
1168 1024 1230 1078 dum
1244 1024 1308 1079 dicit
1323 1041 1331 1079 ε
1348 1022 1501 1079 Paracletus
1518 1033 1616 1091 uatem,
1632 1026 1721 1097 Spiri-

935 1120 976 1164 tus
988 1122 1106 1176 sanctas,
1122 1129 1197 1182 quem
1214 1113 1297 1166 mittet
1310 1110 1390 1166 Pater
1402 1113 1428 1166 in
1446 1116 1548 1168 nornine
1569 1131 1635 1171 mea.
1661 1114 1722 1174 Nou

934 1202 1005 1255 enim
1018 1201 1097 1266 dixit,
1111 1218 1190 1273 quern
1204 1203 1283 1259 mitto
1305 1204 1332 1258 iu
1358 1203 1464 1259 nourine
1481 1221 1550 1272 tneo,
1572 1209 1618 1262 sed
1638 1222 1720 1280 quent

935 1291 1018 1345 mittit
1031 1291 1113 1347 Pater
1123 1293 1149 1346 lu
1163 1293 1270 1347 nomine
1282 1308 1521 1364 meu‚qnanrqnarn
1536 1302 1563 1350 et
1577 1297 1639 1352 alibi
1651 1298 1720 1368 seipa

83 1377 268 1445 splendorem
281 1394 406 1452 peneum
418 1396 501 1455 „que
514 1390 616 1459 implet.
630 1389 729 1478 RQ?
740 1389 791 1444 1100
808 1397 883 1443 nam.
933 1393 992 1433 sum
1005 1379 1113 1434 mittere
1126 1378 1255 1448 Spiritum
1267 1381 1418 1440 dieatdunr
1431 1384 1485 1437 ait:
1499 1383 1580 1456 Siepo
1591 1385 1677 1439 aliero
1696 1387 1720 1453 ⁸,

82 1470 151 1522 tale
171 1472 325 1542 exemplum
345 1477 379 1531 ad
397 1493 505 1532 caussam
521 1453 654 1544 omnium]
679 1494 747 1549 quae
770 1479 839 1533 trina
855 1486 883 1532 et
932 1473 1035 1526 millam
1048 1488 1106 1526 etim
1128 1473 1163 1526 ‘td
1178 1489 1231 1528 ιιι·
1245 1472 1406 1545 Missiotitts
1427 1477 1566 1544 pmcessil)
1585 1477 1644 1547 eius
1661 1489 1720 1542 est;

82 1570 144 1608 rasta
161 1568 217 1622 est,
233 1561 360 1627 qnoniam
387 1565 494 1620 trinitas
515 1565 542 1619 in
561 1567 664 1623 unitate
676 1575 704 1621 et
726 1566 845 1621 ereditur
856 1575 883 1619 et
932 1564 1070 1633 propassio
1083 1573 1174 1618 autern
1189 1564 1274 1633 ejusa
1289 1563 1390 1619 Patre'
1403 1566 1570 1620 solummodo
1593 1575 1636 1622 est
1658 1569 1721 1622 sub«

81 1645 254 1717 intelligimr
267 1665 337 1714 esse,
351 1667 493 1722 possumus
505 1655 663 1718 ascendere.
682 1665 712 1710 nt
737 1669 882 1726 eognosca-
932 1652 1105 1717 stantialiter,
1119 1666 1171 1706 nou
1183 1651 1314 1718 localiter,
1322 1667 1374 1706 aon
1385 1653 1607 1724 temporaliter¹⁶;
1615 1669 1721 1709 veritur·

82 1747 154 1786 rurus
172 1735 282 1791 Patrem
295 1747 322 1792 et
335 1739 466 1796 Filiumet
475 1741 604 1811 Spiritum
615 1751 736 1799 sanetum
751 1751 806 1797 tres
817 1758 883 1798 ean·
932 1746 1020 1794 tarnen
1033 1737 1053 1771 ¹¹
1071 1739 1097 1793 in
1113 1738 1221 1794 nornine
1235 1738 1305 1805 Filii,
1317 1739 1442 1808 quoniam
1466 1739 1582 1809 Spiritus
1592 1740 1680 1795 Patris
1693 1748 1722 1796 et

79 1833 133 1876 sas
146 1831 176 1877 et
190 1840 270 1879 aruarn
280 1841 404 1893 caussam
421 1839 476 1885 tres
490 1832 561 1886 enim
584 1848 666 1887 anaim
679 1842 756 1887 sript:
772 1832 879 1887 Patrem
895 1810 918 1869 B
932 1825 991 1881 Filii
1006 1836 1057 1882 est.
1072 1828 1137 1883 ltem
1150 1826 1214 1881 alibi
1229 1828 1262 1881 ad
1280 1827 1424 1904 diseipnlus
1439 1830 1498 1882 aits
1518 1826 1579 1883 Non
1592 1846 1635 1884 nos
1646 1831 1717 1892 estis,

80 1920 184 1964 autem
208 1928 316 1969 caustro
331 1917 483 1985 gignentem
507 1921 641 1975 nascentis
662 1921 695 1975 de
709 1935 739 1974 se
758 1918 819 1973 Filii
840 1919 881 1973 sui
931 1915 1132 1985 qailopaintini,
1147 1915 1192 1969 sed
1207 1912 1319 1984 Spiritus
1333 1914 1434 1980 Patris,
1448 1919 1493 1986 qni
1511 1917 1664 1988 inquiraris
1678 1936 1721 1973 ra·

80 2000 235 2069 unigeniti.
248 2003 293 2071 qui
307 2020 387 2059 eausa
402 2017 445 2061 est
457 2008 575 2062 omnium
587 2008 798 2077 primordialium
818 2023 882 2063 oau-
932 2005 980 2059 lis.
993 2005 1060 2060 lteru
1074 2003 1216 2076 Psalrpista
1228 2003 1361 2074 Spiritum
1380 2013 1502 2060 sanetum
1520 2021 1534 2060 a
1550 2005 1717 2077 Patrepetit.

79 2103 184 2143 sarum
199 2090 227 2145 in
247 2093 336 2164 seipso
354 2109 369 2148 a
384 2094 465 2151 Patre
483 2097 670 2160 meditatum:
690 2098 803 2153 eundem
817 2113 882 2152 tero
931 2094 1043 2149 diceus:
1061 2093 1093 2146 Et
1108 2091 1234 2163 Spiritum
1245 2104 1364 2148 sanctam
1378 2105 1451 2147 taam
1467 2110 1498 2148 ne
1510 2094 1646 2165 aaserasa
1665 2111 1715 2150 nte.

80 2177 199 2232 l‘arrern
215 2195 324 2235 eausam
339 2185 508 2252 procedentis
521 2201 536 2240 a
548 2202 577 2241 se
592 2201 639 2257 per
651 2186 747 2242 Filium
768 2188 779 2218 ¹
794 2187 880 2241 saneti
931 2182 979 2237 llis
990 2194 1017 2239 et
1028 2182 1180 2253 luq'usmodi
1197 2182 1356 2237 testimoniis
1369 2199 1447 2238 saera
1463 2184 1602 2253 Scriptura
1616 2185 1715 2241 relerta

81 2268 222 2335 Spiritus,
230 2271 399 2341 quiSpiritus
412 2288 493 2328 eausa
504 2283 546 2329 est
560 2275 699 2330 divisionis
711 2284 738 2330 et
754 2274 881 2345 multipli·
929 2281 980 2326 est.
997 2273 1071 2327 Drsc.
1098 2270 1171 2326 llaec
1188 2269 1277 2325 onmia
1294 2270 1373 2341 plane
1397 2280 1425 2326 et
1448 2271 1560 2342 pleniter
1573 2274 1718 2345 perspicio.

83 2357 211 2414 rationis
228 2359 477 2431 distributionisque
502 2376 643 2416 causarum
666 2362 796 2426 omniurn.
812 2378 881 2433 qnae
930 2364 1098 2435 fideliterque
1110 2363 1222 2433 accipio,
1234 2363 1360 2433 quioniam
1380 2363 1402 2395 ¹⁸
1414 2364 1524 2418 oruttino
1533 2365 1640 2420 veritati
1652 2381 1720 2420 eon·

85 2445 116 2498 in
133 2446 206 2500 lilio
219 2463 234 2500 a
249 2446 329 2503 Patre
342 2448 429 2504 laetae
443 2460 516 2515 sunt,
529 2453 555 2505 in
567 2450 679 2506 effeetus
689 2467 751 2507 suos
762 2460 788 2507 et
801 2468 881 2523 gene·
929 2457 1050 2512 ueniant.
1076 2453 1212 2526 l'aldeque
1235 2451 1328 2519 miror,
1348 2455 1483 2523 quomodo
1510 2453 1556 2508 illa
1583 2456 1719 2526 quaestio.

86 2533 203 2588 raleset
215 2536 346 2603 speciales
358 2546 385 2593 et
406 2541 529 2609 proprius
549 2543 695 2596 seerrndum
714 2550 837 2595 naturam
850 2550 878 2596 et
930 2561 1000 2616 quae
1021 2521 1248 2616 prtrrrunss‘v'otntt
1281 2543 1430 2600 insolubilis
1460 2545 1536 2601 uoltis
1557 2547 1720 2610 videbatur.

83 2623 216 2692 gratiam.
229 2624 263 2678 tit
275 2627 397 2695 quamuis
407 2636 528 2681 sanetum
540 2626 668 2698 Spirinnn
684 2629 694 2660 ¹
709 2644 724 2682 a
741 2628 821 2683 Patre
834 2640 881 2699 pet
931 2635 1039 2690 tandem
1050 2634 1227 2704 apertissimis
1245 2635 1394 2689 rationibus
1407 2636 1592 2705 exemplorum
1605 2646 1632 2691 et
1645 2638 1722 2692 testi·

84 2711 780 2787 l'iliurneredamasetintelliganmsprocedere,non
791 2729 878 2773 tamen
930 2726 1081 2779 nsortiarmn
1092 2726 1325 2796 argumentatione
1345 2724 1506 2790 introlrntta,
1523 2726 1608 2781 soluta
1622 2737 1674 2792 est,
1691 2737 1719 2781 et

84 2806 154 2858 alnas
165 2807 388 2861 eaussseuudenr
402 2806 530 2877 Spiritum
546 2809 644 2865 babere
667 2809 796 2865 debemus
809 2811 880 2865 acei·
929 2814 963 2867 sal
978 2828 1092 2881 porum,
1104 2815 1176 2881 quod
1195 2827 1248 2866 nou
1264 2810 1343 2866 larcile
1356 2812 1529 2880 sperabamus
1542 2814 1575 2879 ¹⁸,
1589 2815 1718 2868 revelata.

84 2907 164 2961 pere,
176 2895 225 2948 sed
239 2911 319 2950 uuarn
340 2897 508 2965 esmlemque
530 2913 639 2954 calisam
652 2897 674 2962 ⁸,
690 2898 797 2953 Patrem
808 2899 880 2955 seili-
929 2901 973 2966 lit,
989 2910 1018 2955 nt
1031 2901 1096 2955 milri
1113 2901 1227 2964 ridetur,
1241 2900 1377 2954 interioris
1390 2909 1499 2954 nostrae
1517 2909 1629 2956 natrrrae
1642 2905 1728 2957 trini-⁴

85 2994 141 3046 ret,
152 2991 183 3038 et
198 2987 336 3040 nascentis
348 2986 382 3041 de
395 3001 424 3042 se
437 2985 508 3050 Filii,
525 2996 553 3042 et
563 2988 730 3057 prueedeutis
743 3003 775 3042 es
788 3003 818 3042 su
831 3003 879 3058 per
929 2993 993 3047 tatis
1015 2990 1190 3046 similitudine
1213 2990 1263 3045 lroc
1285 2990 1371 3059 ipsum
1395 3005 1538 3060 possumus
1557 2991 1716 3060 approbare,

83 3075 210 3129 Furtim·
226 3075 342 3146 Spiritus
356 3079 453 3132 saneti.
473 3078 587 3133 liteaim
598 3088 738 3148 propterea
755 3078 878 3148 splendo-
929 3077 1004 3134 llens
1014 3079 1114 3133 etenim
1129 3088 1157 3133 et
1170 3076 1294 3132 notitiam
1308 3076 1349 3132 sui
1364 3077 1460 3148 gignit,
1473 3087 1501 3132 et
1515 3078 1630 3147 aseipsa
1641 3091 1719 3131 arrror

87 3180 145 3220 reru
159 3181 194 3220 ex
207 3165 268 3235 igue
281 3182 330 3236 per
340 3166 443 3222 radium
458 3169 603 3238 procedere
613 3169 737 3231 dicimus,
750 3170 876 3238 quioniam
890 3147 913 3210 G
928 3171 969 3224 sui
984 3180 1012 3225 et
1027 3171 1140 3224 notitiae
1162 3182 1227 3224 suae
1241 3167 1380 3238 procedit,
1394 3184 1448 3237 «qno
1465 3177 1493 3226 et
1507 3168 1564 3237 ipsa
1578 3175 1606 3221 et
1623 3166 1718 3220 notitia

86 3256 158 3327 ignis
177 3257 235 3328 ipse
259 3257 370 3314 totusln
385 3267 442 3313 toto
459 3260 535 3315 radio
548 3258 680 3323 subsistit.
695 3275 727 3315 er
751 3275 805 3331 qno
830 3275 878 3330 per
927 3264 968 3318 sui
987 3260 1198 3332 eonjnnguutnr,
1220 3269 1247 3316 et
1267 3262 1392 3330 quamuis
1415 3260 1471 3332 ipse
1491 3273 1568 3317 amur
1581 3274 1615 3317 ex
1629 3267 1719 3314 matria

86 3348 194 3401 radium
209 3347 335 3417 splendor
347 3347 492 3412 eustatium
512 3348 548 3403 ita
563 3358 589 3403 et
606 3348 735 3416 Spiritum
751 3358 876 3405 sanetum
926 3368 975 3422 per
995 3354 1118 3406 notitiam
1141 3351 1182 3406 sui
1207 3351 1352 3421 procedat,
1367 3366 1420 3404 nun
1436 3360 1525 3405 tamen
1540 3350 1596 3422 ipsa
1621 3350 1716 3405 notitia

86 3436 197 3492 sPstre
210 3453 259 3507 per
273 3437 370 3493 Filium
386 3439 532 3509 procedere
544 3439 675 3495 catholica
695 3441 760 3494 tides
771 3439 877 3509 praedi·
927 3458 1007 3497 eausa
1024 3442 1126 3497 atnoris
1143 3450 1202 3506 est,
1217 3441 1264 3501 sed
1280 3440 1336 3510 ipsa
1352 3455 1444 3502 meris.
1468 3455 1502 3494 es
1522 3456 1574 3510 qua
1589 3455 1665 3495 amor
1680 3439 1720 3495 in-

89 3534 144 3588 eat,
155 3528 283 3595 quoniam
297 3528 353 3598 ipse
366 3527 456 3591 Pater.
468 3529 512 3598 qui
525 3528 680 3598 principalis
693 3544 773 3583 eausa
790 3539 831 3582 est
849 3537 877 3583 et
926 3532 1007 3586 elroat
1020 3544 1093 3593 esse,
1107 3539 1133 3585 et
1147 3538 1290 3600 autequam
1314 3530 1348 3583 ad
1362 3529 1511 3599 perlectam
1535 3530 1658 3584 notitiam
1674 3531 1719 3584 sui

88 3615 143 3668 sals
159 3617 340 3685 processionis
353 3618 438 3672 saneti
449 3618 575 3686 Spiritus,
592 3627 664 3673 totus
686 3618 713 3672 in
730 3626 787 3673 toto
809 3618 828 3672 F
831 3618 877 3673 illo
926 3634 1002 3673 rueris
1016 3620 1073 3688 ipsa
1087 3618 1237 3688 perueniat.
1249 3619 1315 3672 [tarn
1329 3628 1358 3672 et
1370 3634 1446 3673 meus
1455 3628 1528 3673 amat
1539 3619 1656 3689 seipsam
1671 3634 1718 3675 co·

88 3714 140 3767 est,
158 3705 265 3759 sleutet
277 3716 350 3761 totns
361 3706 444 3761 Filius
462 3708 488 3761 in
505 3716 561 3761 toto
584 3707 674 3770 Patre.
689 3723 723 3762 ex
741 3724 795 3778 qao
807 3708 818 3739 ·
828 3723 877 3777 per
926 3722 1073 3776 gnoscere.
1087 3707 1243 3776 priusquam
1258 3707 1436 3777 coguitionem
1452 3723 1527 3761 snam
1545 3709 1579 3762 de
1592 3707 1678 3777 seipsa
1694 3708 1720 3741 ¹⁶

89 3795 186 3849 Filium
202 3795 320 3867 Spiritus
333 3808 442 3852 sanetus
455 3798 592 3867 procedit
605 3798 640 3852 Et
651 3799 874 3868 quemadmodum
925 3796 1023 3865 pariat,
1035 3795 1120 3850 veluti
1133 3796 1236 3865 prolem
1251 3811 1340 3849 stram.
1351 3793 1409 3849 Non
1425 3795 1495 3865 quod
1513 3810 1589 3849 urens
1599 3797 1717 3851 bumana

89 3893 143 3939 tota
161 3885 248 3939 uirtus
267 3886 344 3956 ignea
360 3886 387 3940 in
402 3895 458 3940 tuto
471 3888 546 3941 radio
565 3890 598 3941 de
617 3903 646 3942 se
664 3890 754 3957 genito
768 3904 876 3956 perura-

89 3981 143 4030 net.
156 3979 184 4026 et
194 3973 252 4041 ipse
264 3974 356 4028 radius
367 3982 439 4029 tutus
457 3984 485 4028 et
506 3984 559 4027 tota
571 3976 657 4028 virtus
675 3975 762 4045 ignea,
775 3976 808 4029 ile
823 3990 875 4045 qna

90 4063 218 4132 gignitur,
230 4063 257 4116 in
271 4071 330 4117 toto
344 4062 496 4133 splendore,
511 4075 539 4119 et
552 4072 624 4118 tutus
636 4064 761 4133 splendor
770 4079 803 4119 ex
819 4066 875 4118 tir·

926 3902 1044 3957 unquam
1058 3902 1088 3941 se
1101 3887 1143 3939 vel
1157 3901 1209 3941 uon
1224 3897 1315 3940 nosset
1327 3886 1367 3941 uel
1382 3903 1434 3942 nou
1447 3896 1561 3951 aptaret,
1572 3889 1634 3943 dum
1646 3889 1715 3944 iraee

926 3978 978 4031 tria
989 3992 1071 4029 uuum
1086 3985 1149 4030 sant
1168 3976 1314 4031 menradum
1329 3986 1451 4032 naturam
1462 3978 1504 4032 vel
1514 3979 1670 4044 essentiam,
1684 3991 1712 4036 et

926 4081 1009 4119 unum
1025 4065 1077 4119 tria
1092 4065 1242 4120 seeundum
1258 4067 1370 4122 rationis
1382 4067 1642 4134 considerationem
1662 4070 1714 4125 tria

90 4163 146 4206 tute
156 4153 233 4221 ignea
247 4166 295 4220 per
311 4153 414 4207 radium
428 4155 577 4223 procedens
602 4155 628 4208 in
649 4163 705 4208 toto
722 4155 779 4224 ipso
801 4155 875 4209 radio
925 4152 1057 4222 siquidem
1074 4152 1145 4207 ratio
1159 4152 1312 4210 considerat
1330 4154 1355 4208 in
1374 4169 1425 4209 rina
1445 4163 1472 4208 et
1486 4153 1600 4225 simplici
1618 4165 1717 4213 natura

88 4249 198 4309 totaque
219 4241 274 4310 ipsa
291 4240 402 4305 virtum,
425 4257 458 4297 ex
483 4257 535 4310 qua
557 4243 689 4312 procedit,
701 4244 791 4297 existit
806 4260 813 4297 :
838 4244 874 4297 its
925 4241 1032 4293 :animae
1044 4254 1051 4293 t
1063 4255 1132 4301 esse.
1145 4256 1232 4305 arisae,
1244 4257 1345 4297 amare.
1356 4242 1460 4297 Etenim
1474 4258 1550 4298 rrtens
1561 4246 1717 4315 etseipsaar

89 4327 244 4382 totasPater
253 4329 366 4399 gignens
379 4330 405 4383 in
419 4329 551 4385 totalilio
561 4330 660 4400 gestito,
674 4340 701 4384 et
713 4330 875 4386 totnsFilius
926 4332 1014 4393 navit.
1029 4339 1057 4383 et
1069 4340 1142 4385 amat
1156 4332 1289 4400 seipsam.
1309 4341 1336 4385 et
1359 4333 1400 4386 sui
1425 4334 1566 4397 notitiarum
1582 4336 1629 4388 sed
1650 4336 1715 4403 qaia

89 4419 195 4486 gnarurs
207 4419 232 4472 in
247 4417 391 4473 urtoPatre
404 4420 540 4490 gignente,
551 4428 578 4474 et
588 4428 659 4474 totus
670 4419 750 4474 Pater
763 4420 875 4491 gigaeus
925 4418 1022 4472 merito
1036 4417 1274 4487 praevaricationis
1290 4427 1403 4474 naturae
1424 4420 1557 4476 lurntanae
1578 4421 1605 4476 iu
1625 4423 1717 4492 priato

90 4518 118 4560 et
131 4516 202 4563 totus
219 4507 302 4563 lilius
312 4509 419 4580 genitus
431 4510 458 4563 iu
471 4518 527 4565 toto
543 4509 643 4579 Spiritu
655 4517 749 4565 sarlato
763 4525 778 4562 a
794 4508 873 4563 l‘atre
890 4490 914 4548 Β
927 4509 1035 4566 bomine
1048 4510 1155 4572 aeeidit.
1171 4517 1200 4562 nt
1214 4524 1291 4564 meus
1301 4511 1404 4565 nesciat
1416 4512 1532 4581 se3psam
1546 4512 1713 4576 possedant

91 4612 139 4664 per
153 4596 247 4650 Filium
261 4598 433 4667 procedente,
448 4605 476 4651 et
495 4607 565 4651 totns
591 4597 708 4666 Spiritus
725 4608 834 4653 satietas
857 4610 872 4650 a
927 4599 1087 4654 naturaliter
1098 4598 1214 4666 seipsam
1227 4598 1313 4663 norit,
1329 4606 1356 4652 et
1366 4598 1470 4653 neseiat
1480 4600 1596 4668 seipsam
1607 4615 1713 4665 aurare,

91 4684 171 4739 Patre
181 4699 229 4753 per
242 4685 339 4740 Filium
354 4687 501 4756 procedens
513 4688 541 4742 ia
553 4686 664 4751 Patren
674 4702 728 4758 quo
741 4687 872 4758 procedit,

92 4784 119 4829 et
131 4774 208 4837 l'ilio,
220 4790 269 4846 per
284 4790 364 4844 quem
378 4777 508 4845 procedit,
531 4787 559 4832 et
574 4785 628 4832 tres
641 4793 722 4832 uuum
739 4785 803 4832 sunt
826 4793 874 4847 per

94 4864 253 4920 intellectam
267 4866 414 4921 trinitatem
427 4866 454 4920 iu
467 4866 579 4922 unitate.
597 4866 631 4921 Et
654 4867 704 4921 boe
717 4876 800 4921 totum
816 4867 874 4935 ipse

94 4956 176 5010 Filius
189 4956 269 5011 borno
282 4955 371 5011 laetus
387 4964 415 5012 et
437 4957 594 5012 incarnatus
616 4958 784 5028 apertissime
808 4958 874 5012 insi-

95 5052 160 5098 nuat
181 5044 290 5099 dicens:
313 5044 369 5116 Epa
389 5045 416 5099 itt
430 5042 522 5108 Patre,
546 5055 571 5099 et
592 5043 675 5099 Pater
697 5046 725 5100 iu
748 5063 799 5101 me.
822 5047 874 5104 Ubi

96 5131 343 5205 subintelligendam
356 5132 475 5202 reliquit,
498 5147 530 5188 ae
545 5132 569 5188 si
592 5140 684 5203 aperte
707 5133 828 5190 diceret:
841 5136 875 5191 Et

67 5225 275 5281 ΝΜὫ
564 5242 613 5264 Na
635 5250 659 5265 κ.

925 4689 988 4743 dnm
999 4689 1158 4743 naturaliter
1166 4688 1311 4756 ¹'seipsam
1323 4697 1350 4743 et
1361 4688 1485 4743 notitiam
1500 4689 1540 4743 sui
1556 4689 1668 4754 arnat¹⁸‚
1679 4706 1711 4746 at

924 4779 1030 4849 perboc
1038 4776 1259 4850 rationispiribns
1267 4776 1504 4846 uilalindappetit.
1513 4779 1563 4832 nisi
1573 4788 1600 4833 m
1612 4796 1713 4850 eogno-

925 4875 993 4928 seat.
1004 4865 1120 4935 qualiter
1134 4875 1161 4920 et
1174 4875 1303 4935 quantam
1319 4866 1434 4934 seipsam
1450 4868 1539 4929 norit.
1554 4876 1582 4922 et
1595 4870 1714 4939 seipstnr

926 4967 954 5012 et
970 4958 1093 5013 notitiam
1109 4955 1151 5009 sui
1165 4965 1240 5009 amat
1250 4954 1282 5007 ⁰.
1296 4955 1401 5009 lltdnm
1413 4955 1465 5009 boe
1476 4964 1561 5012 totam
1574 4957 1606 5011 sd
1620 4959 1711 5030 cogni·

925 5049 1027 5102 tionem
1046 5054 1072 5101 et
1094 5059 1212 5099 amorem
1228 5043 1365 5099 Crantoris
1386 5045 1427 5098 sni
1452 5046 1586 5100 convertit
1599 5046 1633 5107 ¹⁸.
1647 5063 1712 5116 per-

926 5139 1071 5194 fectissima
1085 5138 1173 5207 imago
1192 5135 1250 5206 eius
1270 5134 1393 5191 ellleitur.
1406 5136 1440 5190 lit
1454 5138 1497 5192 bie
1510 5138 1532 5172 ¹¹
1542 5139 1675 5193 maxianus
1683 5147 1714 5192 et

1738 4854 1747 4892 l

684 5250 704 5265 κ
728 5301 856 5359 lelle
873 5302 1074 5391 Lectiones.

134 5463 300 5522 terame.
336 5460 527 5517 'Perl'iliant
548 5461 639 5516 anub
673 5460 1002 5521 ’sspirtanmsaacmm
1039 5456 1288 5517 ‘aranearum
1314 5462 1509 5531 'perl'iliam
1528 5464 1630 5519 amn.
1665 5464 1707 5518 ‘n

100 5622 208 5675 tempora

98 5553 194 5606 esque
210 5544 299 5658 pairs.
339 5531 416 5586 'illi
438 5529 864 5598 subintelligendam-Pateria
892 5546 932 5581 me
960 5528 1063 5581 ortt.C.
1103 5527 1150 5581 ‘C
1173 5531 1269 5584 exiero.
1306 5531 1352 5585 ‘a
1373 5531 1453 5585 Patre
1472 5549 1527 5586 mm
1549 5533 1580 5588 c,
1619 5533 1711 5588 ram

220 5608 271 5659 iter
295 5617 351 5656 orn.
368 5604 401 5655 Α.
436 5598 700 5655 ¹'Geernmaaterm
740 5598 1002 5665 ''Corr.‚dqaam.
1039 5595 1300 5663 ¹⁸llspeetatmmas.
1339 5599 1526 5670 “alterna
1564 5603 1712 5659 ¹'seirrsarn

100 5669 481 5733 aona-nuturabterouull.
520 5668 668 5723 '‘barnet.
704 5666 856 5722 ”barram
894 5664 1131 5720 ''broneert‘nan
1169 5666 1356 5724 ''Clineest

253 5766 387 5824 l‘trttot.
404 5759 531 5821 cxxtt.

1493 5760 1533 5821 20
