4167 6625
91 514 143 571 853
503 515 732 574 aemulatoria
751 517 926 575 mutuata.
943 550 978 560 -
995 519 1096 575 trualt
1115 518 1292 588 QUARTUS.
1670 532 1723 590 354

90 629 186 693 disum,
199 625 227 681 in
239 625 326 682 tertio
339 626 426 693 caelo,
439 630 509 701 attotl
520 642 563 687 cst
574 633 765 701 intellectuale,
780 634 831 690 hoc
840 643 882 690 est
895 639 920 698 A
933 633 1080 706 plicitatem
1095 637 1106 671 ⁹
1124 643 1237 692 naturae
1263 642 1326 691 ante
1344 637 1470 694 delictum
1489 639 1662 712 singulariter
1678 657 1726 700 er·

90 720 191 795 inipso
213 718 339 786 lucaniae,
358 730 490 792 quantum
512 724 665 782 intellectus
680 735 732 793 est,
758 726 766 758 ¹
783 727 881 784 asserit
929 724 1047 800 pressit,
1068 728 1103 783 ud
1117 728 1258 800 imaginem
1277 728 1327 783 dei
1340 731 1435 798 creauit
1452 730 1551 801 iilum:
1564 733 1725 792 diuisionem

88 809 429 881 essezupiphaniusuem
444 816 677 887 utpraadiximus,
689 817 802 874 nimium
813 818 881 875 sim·
933 835 998 876 uero
1014 819 1073 890 ejus
1094 827 1203 890 propter
1217 820 1344 877 delictum
1360 821 1517 891 pluraliter,
1533 825 1679 882 masculum
1700 837 1725 884 et

90 902 196 976 pliciter
218 903 358 971 sentiens,
378 915 516 963 terrenum
536 912 671 980 quendam
695 910 784 966 laeum
801 925 882 980 para·
932 908 1057 978 [anatinam
1072 910 1167 964 creauit
1180 926 1232 965 eoa.
1246 909 1332 978 Quum
1347 911 1505 969 diuisionem
1524 915 1671 972 similitudo
1685 919 1726 973 iu·

86 996 173 1050 aiisum
194 996 338 1063 aestimat,
352 1005 513 1069 terrenaque
533 998 604 1070 ligna
624 999 769 1072 iontcsque
793 1001 881 1058 scusi·
932 1000 1088 1071 alpientium
1107 1001 1265 1056 animalium
1285 1010 1399 1074 sequuta
1420 1012 1480 1071 est;
1505 1004 1601 1076 sactus,
1628 1006 1725 1080 iuquit,

85 1090 164 1156 biles,
189 1091 266 1160 quod
287 1104 354 1146 uera
379 1091 483 1147 deridet
505 1091 586 1147 ratio.
610 1091 669 1148 Non
689 1096 762 1149 euim
791 1094 881 1150 credi-
931 1090 1009 1146 lrama
1029 1091 1058 1147 iu
1082 1091 1200 1146 animam
1223 1092 1356 1148 ultumum
1379 1092 1436 1149 Nou
1456 1095 1539 1162 dixit,
1559 1096 1586 1151 in
1601 1097 1727 1169 spiritum

84 1180 138 1236 ltile
151 1189 194 1235 est
211 1180 247 1237 de
267 1178 401 1252 apostolo
420 1184 564 1239 aestimare
586 1186 609 1251 ¹,
634 1184 661 1239 io
679 1183 762 1240 alium
774 1185 883 1255 paradi·
932 1180 1126 1238 vivificantem.
1147 1180 1256 1238 Priame
1275 1183 1345 1240 enim
1363 1185 1439 1240 tamo
1461 1185 1494 1240 de
1512 1196 1582 1241 terra
1598 1195 1727 1250 terrenus.

84 1288 142 1328 sum
160 1283 270 1345 raptum
295 1274 398 1342 luisse,
418 1276 469 1332 uisi
493 1278 520 1333 in
541 1278 645 1349 ipsum,
667 1278 695 1336 iu
709 1296 762 1351 quo
778 1280 883 1351 primus
932 1275 972 1330 iit
990 1274 1150 1346 ΑΡο000100,
1173 1277 1303 1331 00000000
1323 1276 1416 1344 00000,
1439 1276 1466 1332 ῑο
1482 1293 1536 1347 000
1555 1286 1610 1334 0000
1629 1288 1727 1335 000000

83 1366 163 1421 immo
178 1367 214 1422 ad
229 1367 381 1438 imaginem
394 1368 442 1425 Dei
453 1368 540 1426 iactus
554 1379 610 1439 ast,
627 1381 655 1428 et
668 1372 701 1429 da
717 1389 771 1443 quo
785 1375 883 1430 merim
933 1364 1052 1420 humana
1075 1375 1226 1422 restaurata
1246 1375 1302 1435 est,
1318 1368 1351 1422 de
1373 1367 1446 1423 caelu
1470 1369 1597 1425 caelestis.
1618 1369 1653 1424 Et
1676 1388 1728 1427 nou

85 1454 288 1513 inobedientiae
302 1458 439 1515 detrusus.
455 1458 542 1516 Unum
553 1477 669 1531 namque
680 1465 834 1534 paradisum
845 1465 885 1522 di·
932 1456 1017 1526 000οι
1033 1457 1260 1529 000οἱ000000,
1288 1459 1315 1515 ῑο
1339 1459 1427 1530 primo
1455 1460 1566 1517 11001ῑο0
1591 1462 1729 1531 000000οῑ-

83 1545 143 1603 uina
159 1555 257 1603 narrat
268 1548 396 1616 tristor-ia,
407 1558 435 1606 et
446 1566 529 1607 titium
541 1553 677 1609 lontioem
692 1554 719 1610 in
735 1556 791 1626 ipso
804 1570 882 1612 crea-
934 1558 1023 1616 0000οι
1039 1550 1111 1621 titii
1121 1551 1267 1623 00000000,
1280 1554 1326 1606 tid
1337 1552 1407 1623 (1000
1418 1551 1531 1608 0000οῑ0
1544 1566 1553 1606 ·“
1563 1553 1729 1620 0000001100

85 1648 157 1706 tum,
171 1639 199 1695 in
213 1656 272 1715 quo
286 1642 416 1700 uidelicet
428 1644 537 1701 immine
550 1645 592 1701 uir
604 1658 632 1703 ct
645 1646 740 1703 mulier
755 1647 881 1721 inteiligi-
933 1647 987 1705 000,
1012 1638 1183 1697 1000001100
1204 1649 1384 1707 restaurante,
1409 1643 1479 1713 arod
1501 1643 1647 1713 spirituale.
1674 1642 1730 1700 llos

85 1741 126 1787 tur
138 1748 210 1800 esse,
227 1735 251 1790 si
265 1735 352 1792 uerba
365 1735 643 1792 sanatorum-Parrum
658 1740 793 1809 sequenda
808 1750 882 1798 suna,
934 1729 1017 1786 etiam
1032 1738 1123 1788 textus
1137 1732 1245 1788 diuinae
1267 1732 1398 1789 historiae
1417 1733 1621 1790 evidentissime
1641 1734 1732 1790 deciu-

84 1821 201 1881 Naturae
213 1825 354 1897 siquidcm
367 1827 502 1884 humanae
518 1828 616 1884 vireat
630 1829 792 1897 intellectus,
806 1832 852 1903 qui
866 1847 882 1889 a
933 1828 988 1877 iii·
1007 1819 1077 1876 Nam
1098 1831 1242 1893 1000010000
1263 1825 1410 1880 secundam
1429 1824 1610 1880 ⁰0¹idi¹i0¹ie¹¹¹
1629 1827 1733 1881 0000000

83 1913 193 1971 Graecis
211 1924 332 1973 uocatur
349 1925 425 1984 nean
445 1917 541 1975 mulier
554 1933 666 1987 sensns,
686 1921 731 1992 qni
752 1922 882 1979 feminino
933 1912 1053 1970 hominis
1068 1914 1102 1969 de
1115 1913 1181 1970 ilnto
1197 1922 1299 1980 terrae,
1314 1923 1467 1971 ceterorum
1482 1914 1638 1970 animalium
1653 1915 1731 1971 simi-

84 2022 181 2076 gcncre
193 2005 314 2072 αἴσθησις
330 2010 507 2081 exprimitur:
524 2026 638 2082 quorum
654 2012 768 2084 mystico
786 2010 881 2081 couju-
896 1990 921 2055 Β
934 2000 1063 2070 filistiim,
1078 2002 1106 2059 in
1127 2002 1245 2059 0000010
1259 2004 1396 2060 liventem
1411 2005 1562 2061 introduxit
1576 2006 1614 2072 ¹¹»
1630 2020 1665 2062 00
1676 2007 1734 2077 pri·

82 2094 242 2165 giuclaristi
263 2108 295 2153 ct
316 2098 452 2155 Ecclesiae
469 2099 559 2155 lutura
582 2101 678 2172 copula
702 2101 882 2174 praefigurata
934 2110 1008 2150 iiiam
1033 2095 1217 2152 conditionem
1242 2096 1276 2152 ad
1303 2096 1449 2168 imaginem
1475 2096 1523 2154 Dei
1549 2097 1734 2155 introductam

82 2193 132 2241 est.
148 2184 197 2242 cot
212 2188 273 2245 vira
292 2199 373 2262 atque
386 2190 501 2255 nnattert,
517 2190 665 2248 intellectui
679 2192 804 2250 videlieet
818 2210 880 2257 saa·
934 2187 1105 2254 aestimares,
1120 2187 1205 2258 ipsam
1219 2186 1334 2257 primam
1348 2187 1460 2243 seorsim
1474 2187 1577 2243 addidit
1588 2188 1681 2247 diceas
1692 2191 1732 2246 ¹¹:

82 2277 185 2349 suique,
200 2280 302 2338 diuina
316 2282 358 2339 lex
371 2297 425 2340 non
437 2283 523 2340 solum
538 2286 682 2351 coacessit,
694 2301 787 2341 rerum
801 2289 883 2345 etiam
935 2278 1104 2344 Plautauerat
1120 2292 1208 2337 autem
1220 2281 1350 2337 Dominus
1360 2280 1432 2337 Deus
1443 2283 1597 2353 paradisum
1611 2283 1733 2356 uolupta-

83 2379 217 2441 pracceptt
230 2372 264 2429 de
286 2372 359 2445 ligno
371 2374 443 2431 uitae
454 2376 607 2442 comedere,
623 2378 656 2433 de
670 2379 802 2450 sapientia
817 2395 883 2451 pro.
934 2372 968 2427 tia
983 2371 1031 2427 a¹¹
1039 2371 1180 2443 principia,
1195 2371 1246 2426 hoc
1259 2379 1311 2439 est,
1323 2387 1338 2427 a
1350 2373 1438 2443 prima
1451 2372 1645 2429 conditione¹⁸.
1658 2374 1698 2431 ac
1708 2375 1734 2431 si

85 2459 152 2516 tacu
164 2460 256 2519 tauris
269 2473 305 2521 ct
316 2465 500 2537 tarnuguau
514 2475 557 2523 est
569 2468 698 2525 uantum
710 2468 790 2526 tasas
802 2469 883 2528 criu·
934 2462 1037 2520 diceret
1051 2481 1059 2517 τ
1073 2461 1133 2519 mu
1145 2462 1262 2532 primam
1275 2463 1458 2520 conditionem
1473 2463 1501 2519 in
1518 2478 1563 2531 eo.
1576 2465 1648 2534 cuod
1660 2466 1732 2522 seri·

86 2558 151 2619 stus,
163 2553 209 2622 qui
224 2554 253 2609 in
265 2556 360 2611 medio
373 2555 507 2613 humanae
521 2568 633 2616 craturae
646 2559 764 2631 paradisi
779 2562 884 2632 plauta-
933 2565 1009 2629 ptum
1022 2562 1079 2611 est:
1093 2563 1116 2610 et
1129 2554 1213 2624 laetus
1227 2562 1265 2610 est
1278 2554 1356 2609 trama
1367 2554 1396 2610 iu
1411 2556 1527 2610 amintam
1538 2556 1673 2624 uiuentem,
1688 2557 1733 2612 in·

89 2652 128 2699 tus
141 2654 193 2712 est,
206 2646 254 2717 qui
267 2654 316 2703 est
327 2647 475 2719 spiritualis
487 2651 576 2721 panis,
589 2668 643 2724 quo
655 2653 744 2724 anguli
757 2654 884 2725 perlecti·
934 2646 1074 2719 001Ιί8000,
1092 2647 1139 2703 tid
1154 2647 1311 2704 0000001000·
1329 2645 1450 2702 Primam
1471 2656 1562 2703 dulim
1581 2646 1610 2705 in
1627 2648 1734 2720 pta-nu-

89 2737 308 2805 quarumnam,
332 2753 447 2810 quorum
471 2742 642 2800 anniversario
665 2744 692 2799 in
719 2745 802 2802 caetis
830 2754 882 2814 esa,
936 2737 1009 2795 tione
1031 2736 1152 2809 paradisi
1179 2735 1315 2808 iutellige;
1341 2734 1476 2808 plantavit
1497 2737 1631 2810 siquidem
1660 2742 1733 2795 licus

90 2837 240 2883 vescuntur.
255 2829 444 2887 Proiribentur
458 2841 548 2890 autam
566 2850 582 2890 a
602 2851 656 2892 noa
670 2836 790 2894 discreto
803 2847 884 2909 atque
933 2827 1090 2898 0000000001
1100 2822 1259 2898 0010000005,
1270 2825 1322 2882 000
1336 2834 1388 2891 000,
1403 2829 1548 2883 humanam
1562 2837 1688 2883 00000010
1703 2828 1733 2884 iu

91 2918 314 2976 committebam
327 2930 355 2977 et
368 2922 430 2977 mali
444 2924 576 2996 appetitu,
592 2927 639 2998 qui
658 2941 693 2983 ex
707 2927 884 2987 delectatione
934 2920 1009 2977 Erico
1026 2919 1059 2987 ¹⁸,
1075 2919 1102 2974 in
1117 2918 1221 2977 deliciis
1238 2929 1366 2975 aeternae
1380 2918 1528 2976 lelicflatis.
1544 2920 1578 2975 Et
1596 2921 1642 2977 uiti
1657 2920 1736 3002 platt-

93 3011 267 3069 materialium
281 3029 371 3070 rerum
382 3016 591 3086 pulcitritudmis
601 3019 767 3092 imperfectis
780 3024 884 3079 aalma·
936 3011 1353 3085 10000οῩ1000ῑοοῑοῑοιἾοοΜ
1371 3012 1395 3045 ¹⁸
1416 3012 1550 3081 0001ῑο00,
1566 3012 1593 3069 ῖο
1606 3013 1735 3084 011οῐ0οῙ0

94 3099 143 3157 ltus
163 3101 308 3176 inigitur:
329 3120 344 3159 a
363 3122 417 3176 quo
439 3108 576 3164 abstinere
594 3109 720 3166 urentium
740 3111 811 3167 viana
835 3127 883 3168 aa.
935 3103 1006 3161 lleus
1028 3102 1132 3159 eaelum
1156 3113 1185 3159 et
1205 3113 1316 3159 terram.
1335 3102 1442 3161 intuere
1460 3105 1515 3159 uim
1535 3105 1689 3161 uerborum.
1703 3104 1734 3160 ln

96 3196 183 3250 ternae
195 3202 249 3261 est,
264 3210 299 3252 eo
313 3197 387 3251 abrai
400 3199 504 3255 aeterni
517 3199 644 3257 interitus
654 3203 771 3258 occasio.
787 3201 883 3260 Cetera
935 3199 1053 3256 secunda
1066 3201 1221 3258 conditione
1231 3201 1316 3257 uerbo
1325 3200 1467 3272 praeteriti
1477 3200 1589 3273 perlecti
1602 3202 1734 3271 propheta

95 3298 249 3359 sermome
264 3304 369 3346 asaera
385 3289 525 3362 Scriptura
540 3292 574 3348 de
587 3292 714 3364 paradiso
728 3296 880 3365 traduntur,
937 3305 1002 3346 tusus
1016 3300 1059 3348 est
1072 3312 1079 3348 :
1097 3289 1121 3346 F
1122 3302 1196 3348 actus
1208 3300 1257 3361 est,
1272 3292 1369 3363 inquit,
1385 3290 1462 3346 lauta
1473 3292 1501 3346 iu
1517 3292 1633 3346 animam
1646 3290 1736 3346 uiuen-

95 3381 214 3449 quamris
232 3395 285 3451 per
300 3382 520 3452 anticipationem
538 3383 610 3439 dicta
635 3386 691 3442 siut
712 3386 735 3453 ⁸,
756 3402 789 3444 ac,
802 3387 885 3444 retati
936 3391 1005 3450 tem;
1021 3383 1048 3440 in
1066 3386 1156 3457 prima
1176 3402 1242 3442 uero
1260 3386 1344 3440 uerita
1364 3383 1501 3455 praeteriti
1515 3383 1656 3456 piusquam
1671 3398 1735 3455 per-

96 3469 123 3522 ia
136 3471 262 3537 paradiso
276 3471 361 3540 iacta,
379 3473 439 3544 pius
453 3482 545 3530 tamen
561 3483 590 3530 et
603 3476 800 3545 rationabilius,
814 3494 882 3550 quo·
936 3475 1000 3533 lecti
1019 3495 1026 3531 z
1042 3474 1214 3534 Piamarerat
1228 3476 1357 3531 [lominus
1377 3475 1447 3531 licus
1465 3475 1630 3546 paradisum,
1643 3483 1675 3531 ut
1688 3491 1736 3532 co·

96 3558 166 3615 niam
180 3565 278 3620 merito
288 3566 392 3636 peccati
407 3566 581 3638 superaddita
593 3577 666 3636 sunt,
682 3577 709 3626 et
721 3572 756 3627 ad
766 3573 885 3630 exterio·
936 3586 1091 3643 gnosceres,
1106 3571 1222 3643 primam
1251 3570 1382 3643 dignitate
1407 3579 1436 3627 et
1462 3571 1652 3638 beatitudine,
1679 3586 1736 3628 tion

98 3663 151 3705 rem
174 3653 311 3712 homiaem
330 3657 482 3728 pertinent,
507 3666 586 3715 extra
610 3661 768 3731 paradisum
793 3665 884 3734 post·
936 3669 1027 3716 autem
1042 3670 1164 3733 tempore
1175 3662 1341 3733 praecedere
1353 3661 1513 3719 secundam.
1527 3661 1557 3717 ln
1572 3678 1625 3733 aaa
1644 3662 1734 3733 prima

97 3754 231 3812 peccatum
246 3746 332 3806 luisse
343 3750 527 3822 intelligenda.
937 3761 1030 3809 tantae
1049 3753 1248 3825 spiritualitatis
1262 3753 1345 3809 horno
1362 3752 1467 3819 iuerat,
1486 3762 1516 3808 ut
1537 3753 1619 3807 nuliis
1640 3754 1735 3810 usibus

131 3835 171 3892 lli.
190 3838 273 3896 lerini
284 3839 369 3911 gratia
382 3858 389 3894 :
404 3839 539 3899 Formamt
560 3844 779 3916 igiturDamiuut
791 3849 802 3881 '
816 3847 885 3906 Deae
936 3824 1116 3914 corporalium
1133 3859 1261 3901 sensuum
1279 3844 1429 3914 indigeret,
1450 3841 1498 3898 sed
1515 3841 1538 3875 ¹⁸
1556 3842 1614 3898 solo
1638 3842 1727 3899 intelli

99 3924 221 3984 dominam
237 3930 272 3985 de
287 3929 349 3985 limo
366 3941 468 4001 terrae,
484 3944 507 3988 et
525 3934 661 4006 inspirarit
672 3939 701 3993 in
717 3938 812 4008 [aciem
827 3940 886 4010 eius
937 3935 1044 4006 gantiae
1056 3933 1144 3990 allicio
1154 3932 1299 3989 imeretur.
1312 3932 1389 4001 Quod
1401 3933 1484 3989 etiam
1497 3941 1608 3988 sanctos
1619 3929 1735 3990 Ambro-

99 4017 252 4085 aduocatum
274 4022 359 4089 uitae,
375 4031 400 4077 ιι
419 4022 506 4094 sactus
519 4033 557 4080 ιιι
580 4026 657 4084 domo
678 4028 706 4082 iu
721 4028 837 4084 animam
849 4030 897 4102 ιι·-ο
937 4029 993 4085 sius
1009 4035 1135 4093 testatur,
1151 4026 1244 4082 dicens
1257 4043 1263 4080 :
1278 4024 1312 4081 m
1325 4027 1409 4098 aperti
1423 4033 1485 4081 suut
1499 4023 1521 4058 ¹⁷
1535 4023 1604 4081 ocuti
1628 4041 1731 4092 eorum,

101 4117 199 4165 tentem.
217 4111 361 4180 Quomodo
379 4114 413 4172 de
429 4114 494 4170 iimo
508 4123 597 4174 terrae
615 4126 659 4174 est
676 4116 821 4189 immutas,
838 4120 886 4192 qui
937 4126 960 4173 et
978 4127 1165 4189 cognorerunt,
1181 4120 1249 4187 quod
1271 4117 1337 4171 audi
1362 4125 1458 4174 errent.
1475 4114 1510 4172 Et
1532 4126 1594 4172 ante
1615 4116 1733 4188 quidem,

101 4196 132 4251 ad
145 4198 287 4274 imaginem
298 4212 326 4259 ct
338 4204 542 4264 similitudinem
554 4208 602 4265 liei
612 4208 699 4267 lactus
708 4211 739 4266 ‘l
750 4213 806 4268 Aut
818 4228 886 4284 quaa
938 4206 1022 4277 iuquit
1037 4205 1071 4273 ⁸⁸,
1091 4205 1157 4261 nudi
1167 4214 1253 4270 eraut,
1267 4205 1313 4262 sed
1331 4206 1450 4262 stantiae
1461 4207 1586 4262 uirtutum
1601 4214 1736 4278 tegentem·

101 4289 174 4346 modo
186 4293 219 4350 de
231 4308 266 4349 eo
279 4294 435 4351 dicereturt
449 4294 474 4349 F
476 4307 549 4354 auur
563 4309 600 4354 est
612 4300 622 4332 ⁷
634 4301 711 4356 doma
728 4302 756 4357 iu
770 4303 887 4359 animum
938 4298 972 4352 tis
983 4295 1018 4363 ¹’;
1028 4297 1092 4352 uudi
1103 4306 1177 4352 erant
1187 4307 1293 4368 propter
1302 4312 1405 4352 murum
1418 4296 1622 4367 simplicitatem,
1631 4305 1655 4350 et
1664 4294 1735 4367 guad

102 4377 228 4451 stramem,
241 4386 314 4456 quod
325 4386 359 4443 de
371 4388 469 4444 ceteris
482 4389 577 4447 aestas
589 4391 623 4447 de
637 4401 709 4448 terra
723 4393 836 4463 prolatis
849 4393 887 4450 ai·
938 4390 1064 4444 amictam
1078 4388 1182 4458 fraudis
1202 4400 1299 4442 natura
1313 4388 1432 4442 nesciret.
1450 4385 1530 4441 Nune
1543 4394 1631 4440 autem
1644 4385 1735 4441 muttit

103 4472 196 4531 utiliter
211 4477 315 4534 aliatum
333 4487 376 4535 eat
398 4497 408 4537 a
427 4477 565 4536 Producat
579 4492 648 4538 terra
669 4486 786 4555 animam
803 4487 888 4542 uiuen·
937 4478 1137 4535 simulationum
1151 4477 1293 4533 involucris
1312 4493 1385 4532 meus
1397 4478 1514 4531 damona
1534 4474 1647 4532 uelatur.
1661 4474 1734 4547 Erga

103 4565 167 4619 teml
186 4565 281 4624 Nonne
299 4570 310 4601 ⁸
329 4585 395 4640 ergo
423 4570 535 4627 duarum
564 4572 681 4630 hominis
704 4574 886 4632 conditionum
937 4568 1260 4642 posteaquamspoiiantur
1271 4567 1318 4623 ilia
1331 4568 1483 4624 sinceritate
1492 4584 1524 4623 ae
1533 4565 1700 4638 simplicitate
1711 4564 1736 4597 '⁰

104 4655 167 4711 ratic
181 4659 263 4716 datur
283 4660 413 4733 intelligi?
428 4661 519 4719 Primo
538 4663 647 4735 quidem
666 4665 797 4736 scriptum
816 4677 885 4723 est:
939 4661 1055 4733 integrae
1066 4662 1283 4733 incorruptaeque
1293 4669 1414 4727 naturae,
1424 4674 1550 4733 quaerere
1561 4658 1697 4714 mundana
1709 4664 1735 4713 et

105 4742 135 4798 Et
147 4753 240 4807 creauit
252 4751 321 4808 Deus
333 4753 464 4810 londnem
476 4754 511 4810 ad
522 4755 662 4828 imaginem
671 4773 756 4822 suam,
769 4758 805 4813 ad
820 4758 886 4813 t'mu-
938 4752 1094 4822 utanuiacta
1106 4761 1257 4823 coeperunt,
1270 4751 1364 4824 quidue
1377 4751 1449 4806 auda
1461 4766 1525 4805 suae
1539 4750 1633 4806 meotis
1648 4749 1736 4820 eperi-

105 4838 183 4906 giusm
193 4842 245 4898 Dei
256 4846 350 4901 creauit
362 4846 447 4901 illum.
459 4846 530 4904 Ecce
542 4848 629 4918 prima
643 4848 774 4916 conditio,
789 4850 817 4905 ia
832 4867 887 4922 qua
938 4854 994 4900 rent
1007 4843 1222 4900 delectationibus
1237 4846 1276 4911 ¹¹,
1290 4853 1314 4898 et
1331 4842 1515 4898 clamitarent
1530 4843 1553 4875 ¹²
1566 4841 1678 4913 peaitaie
1692 4857 1734 4897 ee·

107 4929 172 4985 nulla
187 4934 286 4991 terreni
307 4934 364 4991 limi
384 4938 606 4995 commemoratio
625 4938 696 4995 tactu
715 4947 771 5004 est,
797 4957 887 5012 aequo
937 4947 1047 4993 cretam.
1064 4936 1136 4993 Nam
1150 4937 1281 5010 quomodo
1294 4935 1519 5007 masticantem
1532 4934 1735 5000 daduitaldam,
1816 4975 1821 4982 .

108 5017 204 5078 animae
218 5024 343 5082 viventis.
358 5025 488 5098 Sequitur
506 5038 597 5085 autem
615 5031 749 5096 secunda,
765 5047 835 5104 quae
850 5048 886 5090 ex
937 5032 983 5103 qui
999 5028 1088 5086 omnia
1106 5029 1252 5084 animantia
1266 5027 1340 5095 uidit,
1358 5038 1381 5082 et
1397 5027 1437 5081 itis
1449 5026 1473 5058 ¹⁸
1484 5043 1577 5082 nometi
1593 5023 1738 5096 imposuit!

108 5102 231 5169 diuisione
243 5124 354 5172 naturae
370 5116 398 5172 in
413 5117 547 5188 duplicem
559 5134 655 5175 sexum
669 5135 756 5192 poena
772 5138 886 5194 praera—
939 5120 1077 5187 Quomodo
1088 5120 1282 5192 cognorerunt?
1304 5117 1433 5197 ltaeriore
1454 5118 1572 5173 uideticet
1594 5126 1618 5171 et
1644 5115 1738 5171 altiore

108 5196 237 5263 riaatinuis
248 5210 420 5279 superaddita
433 5212 573 5267 exordium
587 5215 712 5284 sumpsit.
726 5214 886 5284 diusculum,
940 5212 1062 5279 tamuda,
1077 5228 1130 5266 nou
1143 5211 1247 5265 tunicas
1258 5209 1283 5243 ¹⁸
1295 5210 1356 5276 siti,
1368 5208 1414 5264 sed
1427 5208 1551 5264 uirtutum
1564 5206 1652 5265 deesse
1664 5203 1736 5260 ocia·

108 5286 203 5366 iuquit,
215 5310 239 5355 et
255 5301 381 5372 [eminam
394 5302 491 5359 creauit
510 5320 564 5360 eas.
578 5303 658 5362 Prius
670 5306 806 5378 siquidem
819 5310 885 5366 sim·
941 5310 1025 5366 mina.
1040 5308 1142 5366 Eodem
1152 5308 1236 5379 igitur
1248 5306 1341 5373 modo,
1351 5320 1405 5376 quo
1416 5302 1508 5360 omnia
1521 5300 1648 5359 animalia
1658 5295 1738 5364 uidit,
1843 5353 1854 5368 ,

737 5439 865 5497 tautae
884 5440 1088 5500 escaramis,

142 5547 290 5611 'eetom.ll.
327 5550 647 5620 ’SicCF;Auestimari.
685 5550 943 5618 'SicCF;tleuut.
981 5550 1147 5623 ‘iletpost
1184 5544 1444 5606 'Dominueomm
1482 5541 1738 5628 ‘SieQF3Aiacttts

110 5630 152 5675 etl·
196 5624 394 5681 'eetom.CF.
431 5622 498 5681 'CF
513 5623 586 5680 Nou.
635 5624 865 5694 taetmpttatmte.
922 5623 1154 5678 ¹⁰Aintruduct't.
1206 5617 1443 5675 ”mmmmm
1492 5618 1603 5672 '’Atu.
1641 5617 1738 5700 0¹³ltoe

111 5695 431 5765 ertaprimacoaditioue
450 5711 504 5752 om.
521 5695 554 5752 Δ.
594 5694 661 5750 ¹⁸in
680 5694 871 5752 Etleuaml.
914 5694 936 5725 ¹⁸
955 5691 1154 5748 induami.
1193 5690 1308 5746 “crat
1329 5686 1397 5743 solo.
1435 5683 1493 5742 ¹⁷A
1512 5686 1547 5742 itt
1564 5696 1739 5758 aperttsuut,

111 5760 285 5840 §nomunculi
324 5765 555 5836 ¹¹iuqut'tom.ll.
593 5763 616 5798 ¹⁹
632 5765 677 5821 Sic
691 5765 751 5832 Ci';
771 5765 795 5819 Α
817 5764 1011 5890 integumentis.
1047 5761 1071 5796 ¹⁰
1092 5760 1252 5843 sacrat
1265 5758 1430 5884 ageiiatmm
1448 5758 1504 5814 is.
1523 5769 1550 5812 a.
1568 5772 1592 5813 s.
1609 5757 1738 5823 uiderunt,

110 5843 220 5902 mtegrae
238 5845 289 5893 cet.
314 5835 704 5961 sssd'glectaatlauiiusomd.
741 5837 774 5910 ν’
793 5835 869 5891 aium
890 5844 978 5891 tarent
991 5848 1046 5889 um.
1061 5831 1114 5890 CF.
1151 5833 1176 5865 ¹³
1196 5831 1272 5887 Stet]
1302 5828 1488 5902 3pmuratti
1512 5825 1616 5886 claruet
1639 5829 1739 5886 ocutos.

110 5903 235 5964 inlidis.
274 5908 298 5939 ¹⁸
336 5907 390 5963 iac
420 5924 449 5974 3.
478 5907 603 5961 lautianm.

260 6001 397 6060 l’aruut.
428 5997 560 6061 cxxii.
880 6079 883 6086 1
1159 5993 1169 6004 ”
1493 5995 1533 6057 27
