<?xml version="1.0" encoding="UTF-8"?>
<!DOCTYPE html PUBLIC "-//W3C//DTD XHTML 1.0 Transitional//EN"
    "http://www.w3.org/TR/xhtml1/DTD/xhtml1-transitional.dtd">
<html xmlns="http://www.w3.org/1999/xhtml" xml:lang="en" lang="en">
 <head>
  <title>
</title>
<meta http-equiv="Content-Type" content="text/html;charset=utf-8" />
  <meta name='ocr-system' content='tesseract 3.04.00' />
  <meta name='ocr-capabilities' content='ocr_page ocr_carea ocr_par ocr_line ocrx_word'/>
</head>
<body>
  <div class='ocr_page' id='page_1' title='image "./operaquaesupers01flosgoog/operaquaesupers01flosgoog_0039.png"; bbox 0 0 4167 6625; ppageno 0'>
   <div class='ocr_carea' id='block_1_1' title="bbox 806 422 1733 496">
    <p class='ocr_par' dir='ltr' id='par_1_1' title="bbox 806 422 1733 496">
     <span class='ocr_line' id='line_1_1' title="bbox 806 422 1733 496; baseline 0.01 -12"><span class='ocrx_word' id='word_1_1' title='bbox 806 422 1020 484; x_wconf 73' lang='lat' dir='ltr'><strong>PROOEMIUM.</strong></span> <span class='ocrx_word' id='word_1_2' title='bbox 1658 450 1733 496; x_wconf 73' lang='lat' dir='ltr'><strong><em>usn</em></strong></span> 
     </span>
    </p>
   </div>
   <div class='ocr_carea' id='block_1_2' title="bbox 96 550 1818 4114">
    <p class='ocr_par' dir='ltr' id='par_1_2' title="bbox 97 550 1818 3379">
     <span class='ocr_line' id='line_1_2' title="bbox 104 550 1734 647; baseline 0.006 -28"><span class='ocrx_word' id='word_1_3' title='bbox 104 550 271 635; x_wconf 69' lang='lat' dir='ltr'><strong><em>Profectus</em></strong></span> <span class='ocrx_word' id='word_1_4' title='bbox 284 552 452 634; x_wconf 81' lang='lat' dir='ltr'><strong><em>aliquando</em></strong></span> <span class='ocrx_word' id='word_1_5' title='bbox 465 565 539 637; x_wconf 83' lang='lat' dir='ltr'><strong><em>post</em></strong></span> <span class='ocrx_word' id='word_1_6' title='bbox 567 559 600 620; x_wconf 91' lang='lat' dir='ltr'><strong><em>in</em></strong></span> <span class='ocrx_word' id='word_1_7' title='bbox 617 556 815 621; x_wconf 76' lang='lat' dir='ltr'><strong><em>Britanniam</em></strong></span> <span class='ocrx_word' id='word_1_8' title='bbox 838 558 1025 621; x_wconf 86' lang='lat' dir='ltr'><strong><em>Meuevimsl</em></strong></span> <span class='ocrx_word' id='word_1_9' title='bbox 1043 558 1076 620; x_wconf 91' lang='lat' dir='ltr'><strong><em>in</em></strong></span> <span class='ocrx_word' id='word_1_10' title='bbox 1091 559 1292 637; x_wconf 84' lang='lat' dir='ltr'><strong><em>monasterio,</em></strong></span> <span class='ocrx_word' id='word_1_11' title='bbox 1312 559 1396 642; x_wconf 77' lang='lat' dir='ltr'><strong><em>quod</em></strong></span> <span class='ocrx_word' id='word_1_12' title='bbox 1415 562 1457 625; x_wconf 89' lang='lat' dir='ltr'><strong><em>ad</em></strong></span> <span class='ocrx_word' id='word_1_13' title='bbox 1474 563 1605 626; x_wconf 87' lang='lat' dir='ltr'><strong><em>Doridis</em></strong></span> <span class='ocrx_word' id='word_1_14' title='bbox 1625 566 1734 647; x_wconf 74' lang='lat' dir='ltr'><strong><em>[anum</em></strong></span> 
     </span>
     <span class='ocr_line' id='line_1_3' title="bbox 105 675 1735 772; baseline 0.007 -36"><span class='ocrx_word' id='word_1_15' title='bbox 105 675 239 754; x_wconf 83' lang='lat' dir='ltr'><strong><em>dicetur,</em></strong></span> <span class='ocrx_word' id='word_1_16' title='bbox 253 680 483 743; x_wconf 82' lang='lat' dir='ltr'><strong><em>semonocbum</em></strong></span> <span class='ocrx_word' id='word_1_17' title='bbox 495 681 569 760; x_wconf 72' lang='lat' dir='ltr'><strong><em>[ecit</em></strong></span> <span class='ocrx_word' id='word_1_18' title='bbox 589 681 622 742; x_wconf 91' lang='lat' dir='ltr'><strong><em>in</em></strong></span> <span class='ocrx_word' id='word_1_19' title='bbox 637 678 758 742; x_wconf 90' lang='lat' dir='ltr'><strong><em>ultimis</em></strong></span> <span class='ocrx_word' id='word_1_20' title='bbox 774 678 1060 772; x_wconf 74' lang='lat' dir='ltr'><strong><em>Guolliaefinibus.</em></strong></span> <span class='ocrx_word' id='word_1_21' title='bbox 1078 681 1141 745; x_wconf 86' lang='lat' dir='ltr'><strong><em>Nec</em></strong></span> <span class='ocrx_word' id='word_1_22' title='bbox 1154 688 1282 761; x_wconf 90' lang='lat' dir='ltr'><strong><em>poterat</em></strong></span> <span class='ocrx_word' id='word_1_23' title='bbox 1300 683 1335 745; x_wconf 89' lang='lat' dir='ltr'><strong><em>iu</em></strong></span> <span class='ocrx_word' id='word_1_24' title='bbox 1350 702 1383 745; x_wconf 91' lang='lat' dir='ltr'><strong><em>eo</em></strong></span> <span class='ocrx_word' id='word_1_25' title='bbox 1401 682 1458 745; x_wconf 90' lang='lat' dir='ltr'><strong><em>diu</em></strong></span> <span class='ocrx_word' id='word_1_26' title='bbox 1472 682 1583 758; x_wconf 89' lang='lat' dir='ltr'><strong><em>latere,</em></strong></span> <span class='ocrx_word' id='word_1_27' title='bbox 1596 682 1650 746; x_wconf 90' lang='lat' dir='ltr'><strong><em>sed</em></strong></span> <span class='ocrx_word' id='word_1_28' title='bbox 1663 684 1735 747; x_wconf 91' lang='lat' dir='ltr'><strong><em>inde</em></strong></span> 
     </span>
     <span class='ocr_line' id='line_1_4' title="bbox 104 794 1728 880; baseline 0.008 -29"><span class='ocrx_word' id='word_1_29' title='bbox 104 801 237 856; x_wconf 89' lang='lat' dir='ltr'><strong><em>vocatus</em></strong></span> <span class='ocrx_word' id='word_1_30' title='bbox 261 795 299 858; x_wconf 88' lang='lat' dir='ltr'><strong><em>ab</em></strong></span> <span class='ocrx_word' id='word_1_31' title='bbox 322 794 453 877; x_wconf 77' lang='lat' dir='ltr'><strong><em>Alsredo</em></strong></span> <span class='ocrx_word' id='word_1_32' title='bbox 481 797 656 879; x_wconf 76' lang='lat' dir='ltr'><strong><em>duplorum</em></strong></span> <span class='ocrx_word' id='word_1_33' title='bbox 669 814 751 877; x_wconf 81' lang='lat' dir='ltr'><strong><em>repe,</em></strong></span> <span class='ocrx_word' id='word_1_34' title='bbox 775 803 838 858; x_wconf 91' lang='lat' dir='ltr'><strong><em>tam</em></strong></span> <span class='ocrx_word' id='word_1_35' title='bbox 862 797 935 873; x_wconf 88' lang='lat' dir='ltr'><strong><em>sibi,</em></strong></span> <span class='ocrx_word' id='word_1_36' title='bbox 960 816 1054 879; x_wconf 83' lang='lat' dir='ltr'><strong><em>quam</em></strong></span> <span class='ocrx_word' id='word_1_37' title='bbox 1073 799 1140 864; x_wconf 81' lang='lat' dir='ltr'><strong><em>suis</em></strong></span> <span class='ocrx_word' id='word_1_38' title='bbox 1162 797 1271 861; x_wconf 89' lang='lat' dir='ltr'><strong><em>liberis</em></strong></span> <span class='ocrx_word' id='word_1_39' title='bbox 1290 797 1452 862; x_wconf 88' lang='lat' dir='ltr'><strong><em>adbibitus</em></strong></span> <span class='ocrx_word' id='word_1_40' title='bbox 1466 808 1512 863; x_wconf 89' lang='lat' dir='ltr'><strong><em>est</em></strong></span> <span class='ocrx_word' id='word_1_41' title='bbox 1528 807 1728 880; x_wconf 88' lang='lat' dir='ltr'><strong><em>praeceptor.</em></strong></span> 
     </span>
     <span class='ocr_line' id='line_1_5' title="bbox 104 910 1733 996; baseline 0.002 -20"><span class='ocrx_word' id='word_1_42' title='bbox 104 910 190 975; x_wconf 81' lang='lat' dir='ltr'><strong><em>Unde</em></strong></span> <span class='ocrx_word' id='word_1_43' title='bbox 206 922 235 976; x_wconf 92' lang='lat' dir='ltr'><strong><em>et</em></strong></span> <span class='ocrx_word' id='word_1_44' title='bbox 247 914 317 996; x_wconf 91' lang='lat' dir='ltr'><strong><em>ipso</em></strong></span> <span class='ocrx_word' id='word_1_45' title='bbox 334 913 520 978; x_wconf 87' lang='lat' dir='ltr'><strong><em>adbortante</em></strong></span> <span class='ocrx_word' id='word_1_46' title='bbox 530 923 656 994; x_wconf 89' lang='lat' dir='ltr'><strong><em>praeter</em></strong></span> <span class='ocrx_word' id='word_1_47' title='bbox 668 912 734 976; x_wconf 90' lang='lat' dir='ltr'><strong><em>alia</em></strong></span> <span class='ocrx_word' id='word_1_48' title='bbox 743 912 923 976; x_wconf 90' lang='lat' dir='ltr'><strong><em>studiorum</em></strong></span> <span class='ocrx_word' id='word_1_49' title='bbox 935 933 1065 978; x_wconf 92' lang='lat' dir='ltr'><strong><em>suorum</em></strong></span> <span class='ocrx_word' id='word_1_50' title='bbox 1074 924 1270 979; x_wconf 90' lang='lat' dir='ltr'><strong><em>monumenta</em></strong></span> <span class='ocrx_word' id='word_1_51' title='bbox 1285 936 1300 978; x_wconf 89' lang='lat' dir='ltr'><strong><em>c</em></strong></span> <span class='ocrx_word' id='word_1_52' title='bbox 1313 917 1432 981; x_wconf 61' lang='lat' dir='ltr'><strong><em>&amp;ceco</em></strong></span> <span class='ocrx_word' id='word_1_53' title='bbox 1443 916 1609 980; x_wconf 69' lang='lat' dir='ltr'><strong><em>transtulit</em></strong></span> <span class='ocrx_word' id='word_1_54' title='bbox 1626 918 1661 982; x_wconf 88' lang='lat' dir='ltr'><strong><em>iu</em></strong></span> <span class='ocrx_word' id='word_1_55' title='bbox 1671 925 1733 980; x_wconf 89' lang='lat' dir='ltr'><strong><em>tres</em></strong></span> 
     </span>
     <span class='ocr_line' id='line_1_6' title="bbox 103 1024 1733 1108; baseline 0.007 -21"><span class='ocrx_word' id='word_1_56' title='bbox 103 1024 231 1108; x_wconf 76' lang='lat' dir='ltr'><strong><em>tinauas</em></strong></span> <span class='ocrx_word' id='word_1_57' title='bbox 253 1028 454 1106; x_wconf 74' lang='lat' dir='ltr'><strong><em>chaldaicam,</em></strong></span> <span class='ocrx_word' id='word_1_58' title='bbox 477 1029 634 1093; x_wconf 79' lang='lat' dir='ltr'><strong><em>arabicam</em></strong></span> <span class='ocrx_word' id='word_1_59' title='bbox 652 1037 681 1093; x_wconf 90' lang='lat' dir='ltr'><strong><em>et</em></strong></span> <span class='ocrx_word' id='word_1_60' title='bbox 709 1030 840 1093; x_wconf 90' lang='lat' dir='ltr'><strong><em>latinam</em></strong></span> <span class='ocrx_word' id='word_1_61' title='bbox 862 1031 1045 1095; x_wconf 83' lang='lat' dir='ltr'><strong><em>Aristotelis</em></strong></span> <span class='ocrx_word' id='word_1_62' title='bbox 1063 1034 1199 1098; x_wconf 88' lang='lat' dir='ltr'><strong><em>moralia</em></strong></span> <span class='ocrx_word' id='word_1_63' title='bbox 1215 1034 1251 1097; x_wconf 91' lang='lat' dir='ltr'><strong><em>de</em></strong></span> <span class='ocrx_word' id='word_1_64' title='bbox 1268 1037 1394 1099; x_wconf 90' lang='lat' dir='ltr'><strong><em>secretis</em></strong></span> <span class='ocrx_word' id='word_1_65' title='bbox 1408 1044 1598 1099; x_wconf 90' lang='lat' dir='ltr'><strong><em>secretorum</em></strong></span> <span class='ocrx_word' id='word_1_66' title='bbox 1612 1057 1667 1100; x_wconf 91' lang='lat' dir='ltr'><strong><em>scu</em></strong></span> <span class='ocrx_word' id='word_1_67' title='bbox 1683 1055 1733 1099; x_wconf 85' lang='lat' dir='ltr'><strong><em>re·</em></strong></span> 
     </span>
     <span class='ocr_line' id='line_1_7' title="bbox 103 1152 1736 1241; baseline 0.005 -30"><span class='ocrx_word' id='word_1_68' title='bbox 103 1156 158 1212; x_wconf 90' lang='lat' dir='ltr'><strong><em>cto</em></strong></span> <span class='ocrx_word' id='word_1_69' title='bbox 177 1153 325 1233; x_wconf 78' lang='lat' dir='ltr'><strong><em>sepimine</em></strong></span> <span class='ocrx_word' id='word_1_70' title='bbox 347 1152 538 1233; x_wconf 86' lang='lat' dir='ltr'><strong><em>principum,</em></strong></span> <span class='ocrx_word' id='word_1_71' title='bbox 564 1169 644 1233; x_wconf 89' lang='lat' dir='ltr'><strong><em>opus</em></strong></span> <span class='ocrx_word' id='word_1_72' title='bbox 669 1153 959 1233; x_wconf 76' lang='lat' dir='ltr'><strong><em>exquisitissimum.</em></strong></span> <span class='ocrx_word' id='word_1_73' title='bbox 984 1156 1056 1218; x_wconf 83' lang='lat' dir='ltr'><strong><em>Hae</em></strong></span> <span class='ocrx_word' id='word_1_74' title='bbox 1070 1156 1141 1218; x_wconf 88' lang='lat' dir='ltr'><strong><em>viro</em></strong></span> <span class='ocrx_word' id='word_1_75' title='bbox 1157 1157 1272 1220; x_wconf 78' lang='lat' dir='ltr'><strong><em>eximio</em></strong></span> <span class='ocrx_word' id='word_1_76' title='bbox 1287 1176 1340 1219; x_wconf 92' lang='lat' dir='ltr'><strong><em>seu</em></strong></span> <span class='ocrx_word' id='word_1_77' title='bbox 1353 1158 1471 1236; x_wconf 77' lang='lat' dir='ltr'><strong><em>peniati</em></strong></span> <span class='ocrx_word' id='word_1_78' title='bbox 1484 1156 1618 1241; x_wconf 84' lang='lat' dir='ltr'><strong><em>quodam</em></strong></span> <span class='ocrx_word' id='word_1_79' title='bbox 1634 1155 1736 1220; x_wconf 89' lang='lat' dir='ltr'><strong><em>sidere</em></strong></span> 
     </span>
     <span class='ocr_line' id='line_1_8' title="bbox 104 1265 1735 1366; baseline 0.006 -40"><span class='ocrx_word' id='word_1_80' title='bbox 104 1265 283 1331; x_wconf 89' lang='lat' dir='ltr'><strong><em>adornabat</em></strong></span> <span class='ocrx_word' id='word_1_81' title='bbox 314 1269 460 1352; x_wconf 77' lang='lat' dir='ltr'><strong><em>Alsredus</em></strong></span> <span class='ocrx_word' id='word_1_82' title='bbox 485 1270 673 1337; x_wconf 77' lang='lat' dir='ltr'><strong><em>academiam</em></strong></span> <span class='ocrx_word' id='word_1_83' title='bbox 699 1293 788 1336; x_wconf 89' lang='lat' dir='ltr'><strong><em>suam</em></strong></span> <span class='ocrx_word' id='word_1_84' title='bbox 814 1274 957 1338; x_wconf 81' lang='lat' dir='ltr'><strong><em>Ooouiae</em></strong></span> <span class='ocrx_word' id='word_1_85' title='bbox 971 1282 1045 1339; x_wconf 90' lang='lat' dir='ltr'><strong><em>tunc</em></strong></span> <span class='ocrx_word' id='word_1_86' title='bbox 1061 1276 1249 1339; x_wconf 90' lang='lat' dir='ltr'><strong><em>inoboatam.</em></strong></span> <span class='ocrx_word' id='word_1_87' title='bbox 1266 1278 1347 1338; x_wconf 83' lang='lat' dir='ltr'><strong><em>Erat</em></strong></span> <span class='ocrx_word' id='word_1_88' title='bbox 1360 1275 1421 1366; x_wconf 83' lang='lat' dir='ltr'><strong><em>ille</em></strong></span> <span class='ocrx_word' id='word_1_89' title='bbox 1439 1276 1576 1357; x_wconf 89' lang='lat' dir='ltr'><strong><em>primus,</em></strong></span> <span class='ocrx_word' id='word_1_90' title='bbox 1591 1274 1647 1356; x_wconf 82' lang='lat' dir='ltr'><strong><em>qui</em></strong></span> <span class='ocrx_word' id='word_1_91' title='bbox 1664 1273 1735 1337; x_wconf 89' lang='lat' dir='ltr'><strong><em>illic</em></strong></span> 
     </span>
     <span class='ocr_line' id='line_1_9' title="bbox 102 1385 1734 1480; baseline 0.011 -33"><span class='ocrx_word' id='word_1_92' title='bbox 102 1386 233 1465; x_wconf 88' lang='lat' dir='ltr'><strong><em>publice</em></strong></span> <span class='ocrx_word' id='word_1_93' title='bbox 249 1388 346 1452; x_wconf 88' lang='lat' dir='ltr'><strong><em>bonas</em></strong></span> <span class='ocrx_word' id='word_1_94' title='bbox 367 1399 450 1453; x_wconf 90' lang='lat' dir='ltr'><strong><em>artes</em></strong></span> <span class='ocrx_word' id='word_1_95' title='bbox 461 1394 683 1475; x_wconf 74' lang='lat' dir='ltr'><strong><em>profitebatur.</em></strong></span> <span class='ocrx_word' id='word_1_96' title='bbox 703 1396 840 1460; x_wconf 76' lang='lat' dir='ltr'><strong><em>loannes</em></strong></span> <span class='ocrx_word' id='word_1_97' title='bbox 856 1399 925 1475; x_wconf 91' lang='lat' dir='ltr'><strong><em>iste,</em></strong></span> <span class='ocrx_word' id='word_1_98' title='bbox 947 1385 1123 1461; x_wconf 72' lang='lat' dir='ltr'><strong><em>subtilitate</em></strong></span> <span class='ocrx_word' id='word_1_99' title='bbox 1149 1398 1267 1480; x_wconf 83' lang='lat' dir='ltr'><strong><em>inpenii</em></strong></span> <span class='ocrx_word' id='word_1_100' title='bbox 1285 1406 1466 1479; x_wconf 90' lang='lat' dir='ltr'><strong><em>peracutus,</em></strong></span> <span class='ocrx_word' id='word_1_101' title='bbox 1500 1393 1650 1478; x_wconf 75' lang='lat' dir='ltr'><strong><em>quaedam</em></strong></span> <span class='ocrx_word' id='word_1_102' title='bbox 1676 1413 1734 1456; x_wconf 76' lang='lat' dir='ltr'><strong><em>tw·</em></strong></span> 
     </span>
     <span class='ocr_line' id='line_1_10' title="bbox 100 1510 1736 1603; baseline 0.008 -37"><span class='ocrx_word' id='word_1_103' title='bbox 100 1514 187 1568; x_wconf 90' lang='lat' dir='ltr'><strong><em>strae</em></strong></span> <span class='ocrx_word' id='word_1_104' title='bbox 211 1510 377 1589; x_wconf 77' lang='lat' dir='ltr'><strong><em>relipiouis</em></strong></span> <span class='ocrx_word' id='word_1_105' title='bbox 403 1517 636 1580; x_wconf 90' lang='lat' dir='ltr'><strong><em>accuratissime</em></strong></span> <span class='ocrx_word' id='word_1_106' title='bbox 648 1518 816 1599; x_wconf 84' lang='lat' dir='ltr'><strong><em>disputata</em></strong></span> <span class='ocrx_word' id='word_1_107' title='bbox 835 1521 1036 1602; x_wconf 84' lang='lat' dir='ltr'><strong><em>conscripsit,</em></strong></span> <span class='ocrx_word' id='word_1_108' title='bbox 1057 1524 1242 1603; x_wconf 91' lang='lat' dir='ltr'><strong><em>pracsertim</em></strong></span> <span class='ocrx_word' id='word_1_109' title='bbox 1260 1524 1326 1585; x_wconf 87' lang='lat' dir='ltr'><strong><em>:De</em></strong></span> <span class='ocrx_word' id='word_1_110' title='bbox 1354 1521 1562 1585; x_wconf 79' lang='lat' dir='ltr'><strong><em>immaculatis</em></strong></span> <span class='ocrx_word' id='word_1_111' title='bbox 1576 1519 1736 1600; x_wconf 76' lang='lat' dir='ltr'><strong><em>mysteriis</em></strong></span> 
     </span>
     <span class='ocr_line' id='line_1_11' title="bbox 107 1626 1739 1724; baseline 0.009 -36"><span class='ocrx_word' id='word_1_112' title='bbox 107 1626 167 1689; x_wconf 88' lang='lat' dir='ltr'><strong><em>tib.</em></strong></span> <span class='ocrx_word' id='word_1_113' title='bbox 182 1629 212 1694; x_wconf 86' lang='lat' dir='ltr'><strong><em>l.</em></strong></span> <span class='ocrx_word' id='word_1_114' title='bbox 231 1629 275 1690; x_wconf 81' lang='lat' dir='ltr'><strong><em>tte</em></strong></span> <span class='ocrx_word' id='word_1_115' title='bbox 287 1631 348 1712; x_wconf 68' lang='lat' dir='ltr'><strong><em>pide</em></strong></span> <span class='ocrx_word' id='word_1_116' title='bbox 361 1641 473 1699; x_wconf 89' lang='lat' dir='ltr'><strong><em>contra</em></strong></span> <span class='ocrx_word' id='word_1_117' title='bbox 487 1637 637 1702; x_wconf 89' lang='lat' dir='ltr'><strong><em>barbaras</em></strong></span> <span class='ocrx_word' id='word_1_118' title='bbox 655 1640 710 1704; x_wconf 93' lang='lat' dir='ltr'><strong><em>lib.</em></strong></span> <span class='ocrx_word' id='word_1_119' title='bbox 729 1642 759 1705; x_wconf 91' lang='lat' dir='ltr'><strong><em>t.</em></strong></span> <span class='ocrx_word' id='word_1_120' title='bbox 776 1642 820 1704; x_wconf 87' lang='lat' dir='ltr'><strong><em>De</em></strong></span> <span class='ocrx_word' id='word_1_121' title='bbox 833 1659 968 1724; x_wconf 90' lang='lat' dir='ltr'><strong><em>corpore</em></strong></span> <span class='ocrx_word' id='word_1_122' title='bbox 985 1651 1013 1706; x_wconf 91' lang='lat' dir='ltr'><strong><em>et</em></strong></span> <span class='ocrx_word' id='word_1_123' title='bbox 1029 1644 1183 1724; x_wconf 74' lang='lat' dir='ltr'><strong><em>sanquine</em></strong></span> <span class='ocrx_word' id='word_1_124' title='bbox 1199 1643 1326 1706; x_wconf 86' lang='lat' dir='ltr'><strong><em>Domini</em></strong></span> <span class='ocrx_word' id='word_1_125' title='bbox 1343 1639 1399 1704; x_wconf 80' lang='lat' dir='ltr'><strong><em>lib.</em></strong></span> <span class='ocrx_word' id='word_1_126' title='bbox 1412 1640 1440 1701; x_wconf 90' lang='lat' dir='ltr'><strong><em>t.</em></strong></span> <span class='ocrx_word' id='word_1_127' title='bbox 1459 1636 1521 1699; x_wconf 85' lang='lat' dir='ltr'><strong><em>Pro</em></strong></span> <span class='ocrx_word' id='word_1_128' title='bbox 1536 1633 1739 1698; x_wconf 76' lang='lat' dir='ltr'><strong><em>tasltlueudt&#39;r</em></strong></span> 
     </span>
     <span class='ocr_line' id='line_1_12' title="bbox 99 1748 1735 1841; baseline 0.006 -32"><span class='ocrx_word' id='word_1_129' title='bbox 99 1748 256 1812; x_wconf 90' lang='lat' dir='ltr'><strong><em>nobilium</em></strong></span> <span class='ocrx_word' id='word_1_130' title='bbox 264 1751 341 1831; x_wconf 73' lang='lat' dir='ltr'><strong><em>filiis</em></strong></span> <span class='ocrx_word' id='word_1_131' title='bbox 356 1752 411 1817; x_wconf 91' lang='lat' dir='ltr'><strong><em>lib.</em></strong></span> <span class='ocrx_word' id='word_1_132' title='bbox 427 1755 452 1818; x_wconf 89' lang='lat'><strong><em>1.</em></strong></span> <span class='ocrx_word' id='word_1_133' title='bbox 466 1756 625 1821; x_wconf 81' lang='lat' dir='ltr'><strong><em>Versioues</em></strong></span> <span class='ocrx_word' id='word_1_134' title='bbox 639 1760 787 1840; x_wconf 75' lang='lat' dir='ltr'><strong><em>Dionysii</em></strong></span> <span class='ocrx_word' id='word_1_135' title='bbox 793 1760 858 1824; x_wconf 87' lang='lat' dir='ltr'><strong><em>lib.</em></strong></span> <span class='ocrx_word' id='word_1_136' title='bbox 876 1761 905 1825; x_wconf 91' lang='lat'><strong><em>1.</em></strong></span> <span class='ocrx_word' id='word_1_137' title='bbox 923 1762 1066 1826; x_wconf 83' lang='lat' dir='ltr'><strong><em>Moralia</em></strong></span> <span class='ocrx_word' id='word_1_138' title='bbox 1083 1763 1265 1827; x_wconf 79' lang='lat' dir='ltr'><strong><em>Aristotelis</em></strong></span> <span class='ocrx_word' id='word_1_139' title='bbox 1278 1763 1334 1825; x_wconf 90' lang='lat' dir='ltr'><strong><em>lib.</em></strong></span> <span class='ocrx_word' id='word_1_140' title='bbox 1348 1762 1398 1824; x_wconf 72' lang='lat'><strong><em>11</em></strong></span> <span class='ocrx_word' id='word_1_141' title='bbox 1410 1761 1493 1841; x_wconf 88' lang='lat' dir='ltr'><strong><em>[Nou</em></strong></span> <span class='ocrx_word' id='word_1_142' title='bbox 1505 1757 1620 1841; x_wconf 82' lang='lat' dir='ltr'><strong><em>reliqui</em></strong></span> <span class='ocrx_word' id='word_1_143' title='bbox 1633 1757 1735 1821; x_wconf 89' lang='lat' dir='ltr'><strong><em>locum</em></strong></span> 
     </span>
     <span class='ocr_line' id='line_1_13' title="bbox 98 1872 1736 1961; baseline 0.006 -31"><span class='ocrx_word' id='word_1_144' title='bbox 98 1887 155 1931; x_wconf 89' lang='lat' dir='ltr'><strong><em>uec</em></strong></span> <span class='ocrx_word' id='word_1_145' title='bbox 170 1872 341 1953; x_wconf 83' lang='lat' dir='ltr'><strong><em>templum].</em></strong></span> <span class='ocrx_word' id='word_1_146' title='bbox 356 1875 396 1936; x_wconf 84' lang='lat' dir='ltr'><strong><em>ln</em></strong></span> <span class='ocrx_word' id='word_1_147' title='bbox 409 1877 601 1941; x_wconf 87' lang='lat' dir='ltr'><strong><em>Ierorcbiam</em></strong></span> <span class='ocrx_word' id='word_1_148' title='bbox 613 1882 848 1944; x_wconf 89' lang='lat' dir='ltr'><strong><em>commmtarios</em></strong></span> <span class='ocrx_word' id='word_1_149' title='bbox 864 1882 918 1946; x_wconf 88' lang='lat' dir='ltr'><strong><em>lib.</em></strong></span> <span class='ocrx_word' id='word_1_150' title='bbox 940 1883 996 1947; x_wconf 75' lang='lat' dir='ltr'><strong><em>tr.</em></strong></span> <span class='ocrx_word' id='word_1_151' title='bbox 1008 1883 1048 1944; x_wconf 83' lang='lat' dir='ltr'><strong><em>Iu</em></strong></span> <span class='ocrx_word' id='word_1_152' title='bbox 1063 1881 1251 1949; x_wconf 88' lang='lat' dir='ltr'><strong><em>tbeoloaiam</em></strong></span> <span class='ocrx_word' id='word_1_153' title='bbox 1263 1882 1424 1961; x_wconf 72' lang='lat' dir='ltr'><strong><em>mysticam</em></strong></span> <span class='ocrx_word' id='word_1_154' title='bbox 1434 1879 1490 1943; x_wconf 90' lang='lat' dir='ltr'><strong><em>lib.</em></strong></span> <span class='ocrx_word' id='word_1_155' title='bbox 1507 1878 1536 1942; x_wconf 87' lang='lat' dir='ltr'><strong><em>t.</em></strong></span> <span class='ocrx_word' id='word_1_156' title='bbox 1552 1877 1736 1958; x_wconf 81' lang='lat' dir='ltr'><strong><em>Parapbra·</em></strong></span> 
     </span>
     <span class='ocr_line' id='line_1_14' title="bbox 98 1996 1735 2088; baseline 0.001 -29"><span class='ocrx_word' id='word_1_157' title='bbox 98 1996 196 2061; x_wconf 90' lang='lat' dir='ltr'><strong><em>sticos</em></strong></span> <span class='ocrx_word' id='word_1_158' title='bbox 206 2005 305 2061; x_wconf 88' lang='lat' dir='ltr'><strong><em>tomos</em></strong></span> <span class='ocrx_word' id='word_1_159' title='bbox 318 2000 374 2063; x_wconf 86' lang='lat' dir='ltr'><strong><em>tib.</em></strong></span> <span class='ocrx_word' id='word_1_160' title='bbox 385 2002 415 2063; x_wconf 85' lang='lat' dir='ltr'><strong><em>l.</em></strong></span> <span class='ocrx_word' id='word_1_161' title='bbox 428 2003 590 2083; x_wconf 73' lang='lat' dir='ltr'><strong><em>Epistulae</em></strong></span> <span class='ocrx_word' id='word_1_162' title='bbox 607 2005 910 2071; x_wconf 88' lang='lat' dir='ltr'><strong><em>addiversoslib.1.</em></strong></span> <span class='ocrx_word' id='word_1_163' title='bbox 926 2007 1078 2088; x_wconf 81' lang='lat' dir='ltr'><strong><em>Dopmata</em></strong></span> <span class='ocrx_word' id='word_1_164' title='bbox 1094 2006 1355 2087; x_wconf 87' lang='lat' dir='ltr'><strong><em>pbilosopnorum</em></strong></span> <span class='ocrx_word' id='word_1_165' title='bbox 1371 2003 1426 2067; x_wconf 87' lang='lat' dir='ltr'><strong><em>lib.</em></strong></span> <span class='ocrx_word' id='word_1_166' title='bbox 1437 2002 1467 2065; x_wconf 92' lang='lat'><strong><em>1.</em></strong></span> <span class='ocrx_word' id='word_1_167' title='bbox 1483 2001 1527 2063; x_wconf 85' lang='lat' dir='ltr'><strong><em>Et</em></strong></span> <span class='ocrx_word' id='word_1_168' title='bbox 1544 1999 1645 2063; x_wconf 91' lang='lat' dir='ltr'><strong><em>adbuc</em></strong></span> <span class='ocrx_word' id='word_1_169' title='bbox 1659 1999 1735 2062; x_wconf 92' lang='lat' dir='ltr'><strong><em>alia.</em></strong></span> 
     </span>
     <span class='ocr_line' id='line_1_15' title="bbox 104 2111 1739 2203; baseline 0.006 -28"><span class='ocrx_word' id='word_1_170' title='bbox 104 2112 146 2175; x_wconf 85' lang='lat' dir='ltr'><strong><em>ln</em></strong></span> <span class='ocrx_word' id='word_1_171' title='bbox 162 2111 245 2176; x_wconf 93' lang='lat' dir='ltr'><strong><em>libro</em></strong></span> <span class='ocrx_word' id='word_1_172' title='bbox 259 2114 296 2177; x_wconf 88' lang='lat' dir='ltr'><strong><em>dc</em></strong></span> <span class='ocrx_word' id='word_1_173' title='bbox 310 2116 509 2181; x_wconf 79' lang='lat' dir='ltr'><strong><em>Eucbarirtia</em></strong></span> <span class='ocrx_word' id='word_1_174' title='bbox 522 2120 613 2200; x_wconf 73' lang='lat' dir='ltr'><strong><em>tidem</em></strong></span> <span class='ocrx_word' id='word_1_175' title='bbox 624 2141 711 2185; x_wconf 78' lang='lat' dir='ltr'><strong><em>mam</em></strong></span> <span class='ocrx_word' id='word_1_176' title='bbox 727 2141 766 2184; x_wconf 86' lang='lat' dir='ltr'><strong><em>eos</em></strong></span> <span class='ocrx_word' id='word_1_177' title='bbox 779 2122 956 2201; x_wconf 84' lang='lat' dir='ltr'><strong><em>Scripturis</em></strong></span> <span class='ocrx_word' id='word_1_178' title='bbox 970 2123 1140 2203; x_wconf 76' lang='lat' dir='ltr'><strong><em>fatebatur,</em></strong></span> <span class='ocrx_word' id='word_1_179' title='bbox 1154 2122 1212 2184; x_wconf 91' lang='lat' dir='ltr'><strong><em>boc</em></strong></span> <span class='ocrx_word' id='word_1_180' title='bbox 1225 2123 1468 2200; x_wconf 80' lang='lat' dir='ltr'><strong><em>ipsumsepticns</em></strong></span> <span class='ocrx_word' id='word_1_181' title='bbox 1479 2129 1507 2183; x_wconf 91' lang='lat' dir='ltr'><strong><em>et</em></strong></span> <span class='ocrx_word' id='word_1_182' title='bbox 1517 2120 1641 2197; x_wconf 89' lang='lat' dir='ltr'><strong><em>docens,</em></strong></span> <span class='ocrx_word' id='word_1_183' title='bbox 1654 2121 1739 2202; x_wconf 81' lang='lat' dir='ltr'><strong><em>quod</em></strong></span> 
     </span>
     <span class='ocr_line' id='line_1_16' title="bbox 102 2235 1736 2323; baseline 0.008 -26"><span class='ocrx_word' id='word_1_184' title='bbox 102 2254 146 2298; x_wconf 76' lang='lat' dir='ltr'><strong><em>ea</em></strong></span> <span class='ocrx_word' id='word_1_185' title='bbox 156 2235 263 2299; x_wconf 89' lang='lat' dir='ltr'><strong><em>bibliis</em></strong></span> <span class='ocrx_word' id='word_1_186' title='bbox 278 2244 307 2298; x_wconf 89' lang='lat' dir='ltr'><strong><em>et</em></strong></span> <span class='ocrx_word' id='word_1_187' title='bbox 318 2238 495 2318; x_wconf 76' lang='lat' dir='ltr'><strong><em>Aupustino</em></strong></span> <span class='ocrx_word' id='word_1_188' title='bbox 506 2238 671 2316; x_wconf 78' lang='lat' dir='ltr'><strong><em>didicerat,</em></strong></span> <span class='ocrx_word' id='word_1_189' title='bbox 684 2248 711 2302; x_wconf 91' lang='lat' dir='ltr'><strong><em>et</em></strong></span> <span class='ocrx_word' id='word_1_190' title='bbox 722 2239 807 2323; x_wconf 78' lang='lat' dir='ltr'><strong><em>quod</em></strong></span> <span class='ocrx_word' id='word_1_191' title='bbox 814 2241 948 2303; x_wconf 83' lang='lat' dir='ltr'><strong><em>sciverat</em></strong></span> <span class='ocrx_word' id='word_1_192' title='bbox 961 2242 994 2302; x_wconf 89' lang='lat' dir='ltr'><strong><em>iu</em></strong></span> <span class='ocrx_word' id='word_1_193' title='bbox 1004 2239 1119 2302; x_wconf 87' lang='lat' dir='ltr'><strong><em>Galliis</em></strong></span> <span class='ocrx_word' id='word_1_194' title='bbox 1128 2241 1324 2302; x_wconf 74' lang='lat' dir='ltr'><strong><em>bertramum</em></strong></span> <span class='ocrx_word' id='word_1_195' title='bbox 1333 2241 1546 2321; x_wconf 72' lang='lat' dir='ltr'><strong><em>presbyterum</em></strong></span> <span class='ocrx_word' id='word_1_196' title='bbox 1557 2242 1736 2310; x_wconf 74' lang='lat' dir='ltr'><strong><em>tradidisses</em></strong></span> 
     </span>
     <span class='ocr_line' id='line_1_17' title="bbox 97 2354 1737 2440; baseline 0.003 -22"><span class='ocrx_word' id='word_1_197' title='bbox 97 2354 167 2432; x_wconf 85' lang='lat' dir='ltr'><strong><em>Qui</em></strong></span> <span class='ocrx_word' id='word_1_198' title='bbox 176 2355 255 2420; x_wconf 89' lang='lat' dir='ltr'><strong><em>liber</em></strong></span> <span class='ocrx_word' id='word_1_199' title='bbox 264 2357 297 2422; x_wconf 89' lang='lat' dir='ltr'><strong><em>iu</em></strong></span> <span class='ocrx_word' id='word_1_200' title='bbox 314 2355 495 2422; x_wconf 80' lang='lat' dir='ltr'><strong><em>Vercellesui</em></strong></span> <span class='ocrx_word' id='word_1_201' title='bbox 504 2358 622 2440; x_wconf 77' lang='lat' dir='ltr'><strong><em>syuodo</em></strong></span> <span class='ocrx_word' id='word_1_202' title='bbox 633 2359 821 2423; x_wconf 81' lang='lat' dir='ltr'><strong><em>aLeouelX</em></strong></span> <span class='ocrx_word' id='word_1_203' title='bbox 828 2358 977 2439; x_wconf 74' lang='lat' dir='ltr'><strong><em>pontifice</em></strong></span> <span class='ocrx_word' id='word_1_204' title='bbox 987 2358 1126 2419; x_wconf 84' lang='lat' dir='ltr'><strong><em>Romano</em></strong></span> <span class='ocrx_word' id='word_1_205' title='bbox 1144 2365 1253 2438; x_wconf 89' lang='lat' dir='ltr'><strong><em>postea</em></strong></span> <span class='ocrx_word' id='word_1_206' title='bbox 1268 2356 1445 2431; x_wconf 80' lang='lat' dir='ltr'><strong><em>damnatur,</em></strong></span> <span class='ocrx_word' id='word_1_207' title='bbox 1460 2357 1545 2438; x_wconf 83' lang='lat' dir='ltr'><strong><em>quod</em></strong></span> <span class='ocrx_word' id='word_1_208' title='bbox 1559 2378 1665 2422; x_wconf 88' lang='lat' dir='ltr'><strong><em>eorum</em></strong></span> <span class='ocrx_word' id='word_1_209' title='bbox 1676 2361 1737 2423; x_wconf 89' lang='lat' dir='ltr'><strong><em>ad·</em></strong></span> 
     </span>
     <span class='ocr_line' id='line_1_18' title="bbox 98 2475 1734 2562; baseline -0.001 -20"><span class='ocrx_word' id='word_1_210' title='bbox 98 2487 242 2543; x_wconf 75' lang='lat' dir='ltr'><strong><em>curetur</em></strong></span> <span class='ocrx_word' id='word_1_211' title='bbox 256 2480 410 2562; x_wconf 79' lang='lat' dir='ltr'><strong><em>quaestui.</em></strong></span> <span class='ocrx_word' id='word_1_212' title='bbox 426 2481 467 2542; x_wconf 86' lang='lat' dir='ltr'><strong><em>In</em></strong></span> <span class='ocrx_word' id='word_1_213' title='bbox 480 2475 742 2540; x_wconf 84' lang='lat' dir='ltr'><strong><em>Malmesberieasi</em></strong></span> <span class='ocrx_word' id='word_1_214' title='bbox 760 2476 906 2541; x_wconf 87' lang='lat' dir='ltr'><strong><em>coenobio</em></strong></span> <span class='ocrx_word' id='word_1_215' title='bbox 929 2476 1062 2549; x_wconf 89' lang='lat' dir='ltr'><strong><em>tandem,</em></strong></span> <span class='ocrx_word' id='word_1_216' title='bbox 1079 2494 1139 2557; x_wconf 80' lang='lat' dir='ltr'><strong><em>quo</em></strong></span> <span class='ocrx_word' id='word_1_217' title='bbox 1158 2476 1359 2538; x_wconf 86' lang='lat' dir='ltr'><strong><em>recreationis</em></strong></span> <span class='ocrx_word' id='word_1_218' title='bbox 1377 2475 1483 2555; x_wconf 81' lang='lat' dir='ltr'><strong><em>pratia</em></strong></span> <span class='ocrx_word' id='word_1_219' title='bbox 1497 2495 1529 2538; x_wconf 92' lang='lat' dir='ltr'><strong><em>se</em></strong></span> <span class='ocrx_word' id='word_1_220' title='bbox 1545 2478 1734 2556; x_wconf 84' lang='lat' dir='ltr'><strong><em>contulerat,</em></strong></span> 
     </span>
     <span class='ocr_line' id='line_1_19' title="bbox 98 2594 1738 2684; baseline 0.002 -22"><span class='ocrx_word' id='word_1_221' title='bbox 98 2599 184 2662; x_wconf 87' lang='lat' dir='ltr'><strong><em>iuter</em></strong></span> <span class='ocrx_word' id='word_1_222' title='bbox 199 2599 358 2678; x_wconf 77' lang='lat' dir='ltr'><strong><em>lepmdum</em></strong></span> <span class='ocrx_word' id='word_1_223' title='bbox 371 2619 391 2660; x_wconf 94' lang='lat' dir='ltr'><strong><em>o</em></strong></span> <span class='ocrx_word' id='word_1_224' title='bbox 404 2597 589 2679; x_wconf 81' lang='lat' dir='ltr'><strong><em>quibusdam</em></strong></span> <span class='ocrx_word' id='word_1_225' title='bbox 604 2594 771 2677; x_wconf 80' lang='lat' dir='ltr'><strong><em>discipulis</em></strong></span> <span class='ocrx_word' id='word_1_226' title='bbox 786 2594 979 2675; x_wconf 77' lang='lat' dir='ltr'><strong><em>pupionibus</em></strong></span> <span class='ocrx_word' id='word_1_227' title='bbox 999 2594 1235 2657; x_wconf 89' lang='lat' dir='ltr'><strong><em>interimebatur</em></strong></span> <span class='ocrx_word' id='word_1_228' title='bbox 1250 2613 1332 2657; x_wconf 89' lang='lat' dir='ltr'><strong><em>anno</em></strong></span> <span class='ocrx_word' id='word_1_229' title='bbox 1350 2597 1471 2663; x_wconf 82' lang='lat' dir='ltr'><strong><em>Cbristi</em></strong></span> <span class='ocrx_word' id='word_1_230' title='bbox 1485 2601 1567 2675; x_wconf 52' lang='grc' dir='ltr'><strong><em>ὃδὴ,</em></strong></span> <span class='ocrx_word' id='word_1_231' title='bbox 1591 2603 1738 2684; x_wconf 71' lang='lat' dir='ltr'><strong><em>fortassis</em></strong></span> 
     </span>
     <span class='ocr_line' id='line_1_20' title="bbox 98 2713 1734 2800; baseline 0.002 -19"><span class='ocrx_word' id='word_1_232' title='bbox 98 2738 167 2781; x_wconf 88' lang='lat' dir='ltr'><strong><em>uon</em></strong></span> <span class='ocrx_word' id='word_1_233' title='bbox 184 2738 249 2782; x_wconf 88' lang='lat' dir='ltr'><strong><em>stne</em></strong></span> <span class='ocrx_word' id='word_1_234' title='bbox 261 2719 483 2781; x_wconf 84' lang='lat' dir='ltr'><strong><em>moscaclsorum</em></strong></span> <span class='ocrx_word' id='word_1_235' title='bbox 505 2715 655 2798; x_wconf 87' lang='lat' dir='ltr'><strong><em>impulsu,</em></strong></span> <span class='ocrx_word' id='word_1_236' title='bbox 670 2715 810 2798; x_wconf 73' lang='lat' dir='ltr'><strong><em>ammois</em></strong></span> <span class='ocrx_word' id='word_1_237' title='bbox 832 2733 900 2777; x_wconf 90' lang='lat' dir='ltr'><strong><em>eum</em></strong></span> <span class='ocrx_word' id='word_1_238' title='bbox 914 2717 995 2777; x_wconf 91' lang='lat' dir='ltr'><strong><em>inter</em></strong></span> <span class='ocrx_word' id='word_1_239' title='bbox 1010 2713 1173 2794; x_wconf 78' lang='lat' dir='ltr'><strong><em>¹Ecclesiae</em></strong></span> <span class='ocrx_word' id='word_1_240' title='bbox 1184 2723 1337 2795; x_wconf 80' lang='lat' dir='ltr'><strong><em>martyres</em></strong></span> <span class='ocrx_word' id='word_1_241' title='bbox 1360 2726 1470 2800; x_wconf 89' lang='lat' dir='ltr'><strong><em>postea</em></strong></span> <span class='ocrx_word' id='word_1_242' title='bbox 1490 2725 1734 2786; x_wconf 82' lang='lat' dir='ltr'><strong><em>numeraverint.</em></strong></span> 
     </span>
     <span class='ocr_line' id='line_1_21' title="bbox 98 2832 1734 2917; baseline 0.006 -22"><span class='ocrx_word' id='word_1_243' title='bbox 98 2834 314 2916; x_wconf 85' lang='lat' dir='ltr'><strong><em>Decipsuntur</em></strong></span> <span class='ocrx_word' id='word_1_244' title='bbox 325 2836 389 2917; x_wconf 77' lang='lat' dir='ltr'><strong><em>[ere</em></strong></span> <span class='ocrx_word' id='word_1_245' title='bbox 404 2852 505 2897; x_wconf 88' lang='lat' dir='ltr'><strong><em>omues</em></strong></span> <span class='ocrx_word' id='word_1_246' title='bbox 517 2834 722 2897; x_wconf 78' lang='lat' dir='ltr'><strong><em>uictoriarum</em></strong></span> <span class='ocrx_word' id='word_1_247' title='bbox 744 2833 926 2911; x_wconf 83' lang='lat' dir='ltr'><strong><em>scriptores,</em></strong></span> <span class='ocrx_word' id='word_1_248' title='bbox 943 2833 998 2914; x_wconf 81' lang='lat' dir='ltr'><strong><em>qui</em></strong></span> <span class='ocrx_word' id='word_1_249' title='bbox 1013 2833 1108 2895; x_wconf 89' lang='lat' dir='ltr'><strong><em>istum</em></strong></span> <span class='ocrx_word' id='word_1_250' title='bbox 1122 2849 1191 2894; x_wconf 90' lang='lat' dir='ltr'><strong><em>cum</em></strong></span> <span class='ocrx_word' id='word_1_251' title='bbox 1201 2832 1401 2912; x_wconf 87' lang='lat' dir='ltr'><strong><em>praecedente</em></strong></span> <span class='ocrx_word' id='word_1_252' title='bbox 1419 2840 1541 2902; x_wconf 85' lang='lat' dir='ltr'><strong><em>loanne</em></strong></span> <span class='ocrx_word' id='word_1_253' title='bbox 1563 2839 1620 2904; x_wconf 89' lang='lat' dir='ltr'><strong><em>illo</em></strong></span> <span class='ocrx_word' id='word_1_254' title='bbox 1640 2842 1734 2904; x_wconf 88' lang='lat' dir='ltr'><strong><em>Scato</em></strong></span> 
     </span>
     <span class='ocr_line' id='line_1_22' title="bbox 100 2955 1818 3039; baseline 0.002 -19"><span class='ocrx_word' id='word_1_255' title='bbox 100 2957 273 3020; x_wconf 84' lang='lat' dir='ltr'><strong><em>Mailrosio</em></strong></span> <span class='ocrx_word' id='word_1_256' title='bbox 290 2976 387 3021; x_wconf 83' lang='lat' dir='ltr'><strong><em>susum</em></strong></span> <span class='ocrx_word' id='word_1_257' title='bbox 402 2958 501 3038; x_wconf 76' lang='lat' dir='ltr'><strong><em>[uisse</em></strong></span> <span class='ocrx_word' id='word_1_258' title='bbox 524 2959 676 3039; x_wconf 70' lang='lat' dir='ltr'><strong><em>fatentur,</em></strong></span> <span class='ocrx_word' id='word_1_259' title='bbox 695 2963 757 3017; x_wconf 91' lang='lat' dir='ltr'><strong><em>tam</em></strong></span> <span class='ocrx_word' id='word_1_260' title='bbox 770 2955 933 3017; x_wconf 86' lang='lat' dir='ltr'><strong><em>oiciustate</em></strong></span> <span class='ocrx_word' id='word_1_261' title='bbox 955 2961 1146 3034; x_wconf 90' lang='lat' dir='ltr'><strong><em>temporum,</em></strong></span> <span class='ocrx_word' id='word_1_262' title='bbox 1164 2970 1257 3033; x_wconf 82' lang='lat' dir='ltr'><strong><em>quam</em></strong></span> <span class='ocrx_word' id='word_1_263' title='bbox 1277 2955 1438 3018; x_wconf 88' lang='lat' dir='ltr'><strong><em>nominum</em></strong></span> <span class='ocrx_word' id='word_1_264' title='bbox 1461 2979 1498 3022; x_wconf 90' lang='lat' dir='ltr'><strong><em>ae</em></strong></span> <span class='ocrx_word' id='word_1_265' title='bbox 1516 2959 1734 3024; x_wconf 84' lang='lat' dir='ltr'><strong><em>doctrinarum</em></strong></span> <span class='ocrx_word' id='word_1_266' title='bbox 1811 2976 1818 2987; x_wconf 88' lang='lat'><strong>·</strong></span> 
     </span>
     <span class='ocr_line' id='line_1_23' title="bbox 97 3067 1737 3159; baseline -0.002 -21"><span class='ocrx_word' id='word_1_267' title='bbox 97 3081 239 3159; x_wconf 88' lang='lat' dir='ltr'><strong><em>paritate</em></strong></span> <span class='ocrx_word' id='word_1_268' title='bbox 253 3075 419 3140; x_wconf 87' lang='lat' dir='ltr'><strong><em>occaecati.</em></strong></span> <span class='ocrx_word' id='word_1_269' title='bbox 437 3072 559 3138; x_wconf 80' lang='lat' dir='ltr'><strong><em>Videbit</em></strong></span> <span class='ocrx_word' id='word_1_270' title='bbox 576 3073 713 3154; x_wconf 79' lang='lat' dir='ltr'><strong><em>vipilans</em></strong></span> <span class='ocrx_word' id='word_1_271' title='bbox 726 3073 844 3153; x_wconf 75' lang='lat' dir='ltr'><strong><em>Arous,</em></strong></span> <span class='ocrx_word' id='word_1_272' title='bbox 859 3089 913 3135; x_wconf 89' lang='lat' dir='ltr'><strong><em>seu</em></strong></span> <span class='ocrx_word' id='word_1_273' title='bbox 929 3069 1074 3133; x_wconf 89' lang='lat' dir='ltr'><strong><em>oculatus</em></strong></span> <span class='ocrx_word' id='word_1_274' title='bbox 1088 3067 1197 3144; x_wconf 89' lang='lat' dir='ltr'><strong><em>lector,</em></strong></span> <span class='ocrx_word' id='word_1_275' title='bbox 1214 3070 1371 3130; x_wconf 89' lang='lat' dir='ltr'><strong><em>nonsatis</em></strong></span> <span class='ocrx_word' id='word_1_276' title='bbox 1386 3076 1561 3151; x_wconf 86' lang='lat' dir='ltr'><strong><em>convenire,</em></strong></span> <span class='ocrx_word' id='word_1_277' title='bbox 1577 3077 1737 3157; x_wconf 71' lang='lat' dir='ltr'><strong><em>quodan-</em></strong></span> 
     </span>
     <span class='ocr_line' id='line_1_24' title="bbox 101 3187 1737 3275; baseline 0.005 -19"><span class='ocrx_word' id='word_1_278' title='bbox 101 3195 221 3259; x_wconf 90' lang='lat' dir='ltr'><strong><em>dioerit</em></strong></span> <span class='ocrx_word' id='word_1_279' title='bbox 238 3195 364 3272; x_wconf 89' lang='lat' dir='ltr'><strong><em>Bedom,</em></strong></span> <span class='ocrx_word' id='word_1_280' title='bbox 391 3202 418 3258; x_wconf 88' lang='lat' dir='ltr'><strong><em>et</em></strong></span> <span class='ocrx_word' id='word_1_281' title='bbox 433 3194 590 3275; x_wconf 78' lang='lat' dir='ltr'><strong><em>bucusque</em></strong></span> <span class='ocrx_word' id='word_1_282' title='bbox 603 3199 731 3256; x_wconf 85' lang='lat' dir='ltr'><strong><em>aetatem</em></strong></span> <span class='ocrx_word' id='word_1_283' title='bbox 741 3188 952 3273; x_wconf 83' lang='lat' dir='ltr'><strong><em>protenderit,</em></strong></span> <span class='ocrx_word' id='word_1_284' title='bbox 968 3188 1034 3250; x_wconf 85' lang='lat' dir='ltr'><strong><em>uisi</em></strong></span> <span class='ocrx_word' id='word_1_285' title='bbox 1048 3204 1147 3249; x_wconf 90' lang='lat' dir='ltr'><strong><em>annos</em></strong></span> <span class='ocrx_word' id='word_1_286' title='bbox 1162 3193 1283 3249; x_wconf 90' lang='lat' dir='ltr'><strong><em>centum</em></strong></span> <span class='ocrx_word' id='word_1_287' title='bbox 1297 3194 1324 3249; x_wconf 90' lang='lat' dir='ltr'><strong><em>et</em></strong></span> <span class='ocrx_word' id='word_1_288' title='bbox 1339 3187 1428 3253; x_wconf 82' lang='lat' dir='ltr'><strong><em>LXX</em></strong></span> <span class='ocrx_word' id='word_1_289' title='bbox 1443 3193 1486 3256; x_wconf 90' lang='lat' dir='ltr'><strong><em>ad</em></strong></span> <span class='ocrx_word' id='word_1_290' title='bbox 1502 3194 1606 3259; x_wconf 91' lang='lat' dir='ltr'><strong><em>minus</em></strong></span> <span class='ocrx_word' id='word_1_291' title='bbox 1621 3199 1649 3261; x_wconf 91' lang='lat' dir='ltr'><strong><em>ci</em></strong></span> <span class='ocrx_word' id='word_1_292' title='bbox 1663 3218 1737 3266; x_wconf 88' lang='lat' dir='ltr'><strong><em>eou-</em></strong></span> 
     </span>
     <span class='ocr_line' id='line_1_25' title="bbox 100 3316 242 3379; baseline 0.014 -3"><span class='ocrx_word' id='word_1_293' title='bbox 100 3316 242 3379; x_wconf 84' lang='lat' dir='ltr'><strong><em>cesserit.</em></strong></span> 
     </span>
    </p>

    <p class='ocr_par' dir='ltr' id='par_1_3' title="bbox 96 3424 1739 4114">
     <span class='ocr_line' id='line_1_26' title="bbox 139 3424 1737 3512; baseline 0.006 -21"><span class='ocrx_word' id='word_1_294' title='bbox 139 3431 216 3493; x_wconf 88' lang='lat' dir='ltr'><strong><em>Post</em></strong></span> <span class='ocrx_word' id='word_1_295' title='bbox 229 3428 378 3494; x_wconf 79' lang='lat' dir='ltr'><strong><em>Balneum</em></strong></span> <span class='ocrx_word' id='word_1_296' title='bbox 391 3435 567 3511; x_wconf 83' lang='lat' dir='ltr'><strong><em>apostatam</em></strong></span> <span class='ocrx_word' id='word_1_297' title='bbox 578 3430 653 3495; x_wconf 87' lang='lat' dir='ltr'><strong><em>audi</em></strong></span> <span class='ocrx_word' id='word_1_298' title='bbox 662 3427 831 3494; x_wconf 88' lang='lat' dir='ltr'><strong><em>Lestaeum</em></strong></span> <span class='ocrx_word' id='word_1_299' title='bbox 846 3424 1033 3509; x_wconf 82' lang='lat' dir='ltr'><strong><em>episcopum</em></strong></span> <span class='ocrx_word' id='word_1_300' title='bbox 1048 3426 1737 3512; x_wconf 63' lang='lat' dir='ltr'><strong><em>Rosseasemtp1593),constantiaacfidei</em></strong></span> 
     </span>
     <span class='ocr_line' id='line_1_27' title="bbox 96 3547 1739 3634; baseline 0.004 -22"><span class='ocrx_word' id='word_1_301' title='bbox 96 3549 287 3614; x_wconf 80' lang='lat' dir='ltr'><strong><em>sinceritate</em></strong></span> <span class='ocrx_word' id='word_1_302' title='bbox 303 3549 473 3612; x_wconf 84' lang='lat' dir='ltr'><strong><em>illustrem.</em></strong></span> <span class='ocrx_word' id='word_1_303' title='bbox 489 3551 553 3624; x_wconf 86' lang='lat' dir='ltr'><strong><em>Qui</em></strong></span> <span class='ocrx_word' id='word_1_304' title='bbox 570 3551 604 3615; x_wconf 88' lang='lat' dir='ltr'><strong><em>in</em></strong></span> <span class='ocrx_word' id='word_1_305' title='bbox 618 3549 704 3614; x_wconf 88' lang='lat' dir='ltr'><strong><em>libra</em></strong></span> <span class='ocrx_word' id='word_1_306' title='bbox 727 3547 780 3612; x_wconf 87' lang='lat' dir='ltr'><strong><em>cui</em></strong></span> <span class='ocrx_word' id='word_1_307' title='bbox 796 3547 933 3610; x_wconf 86' lang='lat' dir='ltr'><strong><em>titulus:</em></strong></span> <span class='ocrx_word' id='word_1_308' title='bbox 948 3547 991 3607; x_wconf 87' lang='lat' dir='ltr'><strong><em>De</em></strong></span> <span class='ocrx_word' id='word_1_309' title='bbox 1006 3547 1141 3626; x_wconf 82' lang='lat' dir='ltr'><strong><em>oripine,</em></strong></span> <span class='ocrx_word' id='word_1_310' title='bbox 1157 3548 1297 3611; x_wconf 89' lang='lat' dir='ltr'><strong><em>moribus</em></strong></span> <span class='ocrx_word' id='word_1_311' title='bbox 1314 3560 1341 3610; x_wconf 86' lang='lat' dir='ltr'><strong><em>et</em></strong></span> <span class='ocrx_word' id='word_1_312' title='bbox 1356 3553 1448 3616; x_wconf 90' lang='lat' dir='ltr'><strong><em>rebus</em></strong></span> <span class='ocrx_word' id='word_1_313' title='bbox 1462 3556 1556 3634; x_wconf 80' lang='lat' dir='ltr'><strong><em>pestis</em></strong></span> <span class='ocrx_word' id='word_1_314' title='bbox 1572 3554 1739 3618; x_wconf 83' lang='lat' dir='ltr'><strong><em>Scotorum</em></strong></span> 
     </span>
     <span class='ocr_line' id='line_1_28' title="bbox 96 3660 1739 3750; baseline 0.005 -20"><span class='ocrx_word' id='word_1_315' title='bbox 96 3669 154 3732; x_wconf 91' lang='lat' dir='ltr'><strong><em>lib.</em></strong></span> <span class='ocrx_word' id='word_1_316' title='bbox 167 3669 309 3745; x_wconf 81' lang='lat' dir='ltr'><strong><em>X,1lom.</em></strong></span> <span class='ocrx_word' id='word_1_317' title='bbox 325 3670 413 3744; x_wconf 79' lang='lat' dir='ltr'><strong><em>tata,</em></strong></span> <span class='ocrx_word' id='word_1_318' title='bbox 427 3687 461 3750; x_wconf 89' lang='lat' dir='ltr'><strong><em>p.</em></strong></span> <span class='ocrx_word' id='word_1_319' title='bbox 477 3667 538 3730; x_wconf 88' lang='lat'><strong><em>188</em></strong></span> <span class='ocrx_word' id='word_1_320' title='bbox 547 3666 588 3730; x_wconf 85' lang='lat' dir='ltr'><strong><em>da</em></strong></span> <span class='ocrx_word' id='word_1_321' title='bbox 601 3666 724 3728; x_wconf 89' lang='lat' dir='ltr'><strong><em>loanne</em></strong></span> <span class='ocrx_word' id='word_1_322' title='bbox 738 3663 832 3727; x_wconf 82' lang='lat' dir='ltr'><strong><em>Scuto</em></strong></span> <span class='ocrx_word' id='word_1_323' title='bbox 842 3661 922 3726; x_wconf 83' lang='lat' dir='ltr'><strong><em>baec</em></strong></span> <span class='ocrx_word' id='word_1_324' title='bbox 932 3660 1061 3742; x_wconf 85' lang='lat' dir='ltr'><strong><em>scripsit</em></strong></span> <span class='ocrx_word' id='word_1_325' title='bbox 1074 3685 1082 3724; x_wconf 76' lang='lat' dir='ltr'><em>z</em></span> <span class='ocrx_word' id='word_1_326' title='bbox 1096 3662 1273 3726; x_wconf 83' lang='lat' dir='ltr'><strong><em>Plurimum</em></strong></span> <span class='ocrx_word' id='word_1_327' title='bbox 1285 3672 1458 3733; x_wconf 90' lang='lat' dir='ltr'><strong><em>ornamenti</em></strong></span> <span class='ocrx_word' id='word_1_328' title='bbox 1468 3672 1603 3735; x_wconf 91' lang='lat' dir='ltr'><strong><em>contulit</em></strong></span> <span class='ocrx_word' id='word_1_329' title='bbox 1612 3675 1739 3738; x_wconf 87' lang='lat' dir='ltr'><strong><em>nationi</em></strong></span> 
     </span>
     <span class='ocr_line' id='line_1_29' title="bbox 99 3786 1736 3872; baseline 0.001 -15"><span class='ocrx_word' id='word_1_330' title='bbox 99 3802 229 3859; x_wconf 88' lang='lat' dir='ltr'><strong><em>nostrae</em></strong></span> <span class='ocrx_word' id='word_1_331' title='bbox 244 3797 382 3859; x_wconf 76' lang='lat' dir='ltr'><strong><em>loannes</em></strong></span> <span class='ocrx_word' id='word_1_332' title='bbox 394 3796 519 3872; x_wconf 87' lang='lat' dir='ltr'><strong><em>Scotus,</em></strong></span> <span class='ocrx_word' id='word_1_333' title='bbox 535 3795 587 3856; x_wconf 88' lang='lat' dir='ltr'><strong><em>cir</em></strong></span> <span class='ocrx_word' id='word_1_334' title='bbox 602 3791 782 3855; x_wconf 86' lang='lat' dir='ltr'><strong><em>divinarum</em></strong></span> <span class='ocrx_word' id='word_1_335' title='bbox 795 3786 1147 3864; x_wconf 87' lang='lat' dir='ltr'><strong><em>rerumscimtissimus,</em></strong></span> <span class='ocrx_word' id='word_1_336' title='bbox 1160 3791 1215 3870; x_wconf 78' lang='lat' dir='ltr'><strong><em>qui</em></strong></span> <span class='ocrx_word' id='word_1_337' title='bbox 1230 3798 1306 3871; x_wconf 86' lang='lat' dir='ltr'><strong><em>post</em></strong></span> <span class='ocrx_word' id='word_1_338' title='bbox 1324 3792 1549 3856; x_wconf 81' lang='lat' dir='ltr'><strong><em>multosonisos</em></strong></span> <span class='ocrx_word' id='word_1_339' title='bbox 1561 3795 1691 3860; x_wconf 77' lang='lat' dir='ltr'><strong><em>Atbenis</em></strong></span> <span class='ocrx_word' id='word_1_340' title='bbox 1701 3795 1736 3861; x_wconf 86' lang='lat' dir='ltr'><strong><em>in</em></strong></span> 
     </span>
     <span class='ocr_line' id='line_1_30' title="bbox 99 3904 1733 3996; baseline 0 -19"><span class='ocrx_word' id='word_1_341' title='bbox 99 3916 222 3996; x_wconf 69' lang='lat' dir='ltr'><strong><em>marcis</em></strong></span> <span class='ocrx_word' id='word_1_342' title='bbox 235 3914 337 3978; x_wconf 84' lang='lat' dir='ltr'><strong><em>literis</em></strong></span> <span class='ocrx_word' id='word_1_343' title='bbox 351 3918 580 3993; x_wconf 89' lang='lat' dir='ltr'><strong><em>consumptosa</em></strong></span> <span class='ocrx_word' id='word_1_344' title='bbox 592 3905 753 3971; x_wconf 82' lang='lat' dir='ltr'><strong><em>Ludorico</em></strong></span> <span class='ocrx_word' id='word_1_345' title='bbox 763 3905 974 3967; x_wconf 78' lang='lat' dir='ltr'><strong><em>Romanorum</em></strong></span> <span class='ocrx_word' id='word_1_346' title='bbox 983 3904 1178 3982; x_wconf 82' lang='lat' dir='ltr'><strong><em>Imperatore</em></strong></span> <span class='ocrx_word' id='word_1_347' title='bbox 1193 3908 1367 3971; x_wconf 89' lang='lat' dir='ltr'><strong><em>accersitur</em></strong></span> <span class='ocrx_word' id='word_1_348' title='bbox 1380 3912 1414 3973; x_wconf 89' lang='lat' dir='ltr'><strong><em>in</em></strong></span> <span class='ocrx_word' id='word_1_349' title='bbox 1425 3909 1573 3986; x_wconf 85' lang='lat' dir='ltr'><strong><em>Galliam,</em></strong></span> <span class='ocrx_word' id='word_1_350' title='bbox 1589 3931 1625 3976; x_wconf 92' lang='lat' dir='ltr'><strong><em>ao</em></strong></span> <span class='ocrx_word' id='word_1_351' title='bbox 1639 3930 1733 3994; x_wconf 86' lang='lat' dir='ltr'><strong><em>prae-</em></strong></span> 
     </span>
     <span class='ocr_line' id='line_1_31' title="bbox 97 4017 1735 4114; baseline -0.002 -16"><span class='ocrx_word' id='word_1_352' title='bbox 97 4045 145 4099; x_wconf 89' lang='lat' dir='ltr'><strong><em>ter</em></strong></span> <span class='ocrx_word' id='word_1_353' title='bbox 161 4037 229 4099; x_wconf 90' lang='lat' dir='ltr'><strong><em>alsa</em></strong></span> <span class='ocrx_word' id='word_1_354' title='bbox 243 4031 422 4099; x_wconf 81' lang='lat' dir='ltr'><strong><em>studiorum</em></strong></span> <span class='ocrx_word' id='word_1_355' title='bbox 437 4038 647 4106; x_wconf 83' lang='lat' dir='ltr'><strong><em>monumento,</em></strong></span> <span class='ocrx_word' id='word_1_356' title='bbox 661 4027 790 4111; x_wconf 74' lang='lat' dir='ltr'><strong><em>jubente</em></strong></span> <span class='ocrx_word' id='word_1_357' title='bbox 808 4017 1054 4107; x_wconf 78' lang='lat' dir='ltr'><strong><em>ipso&#39;Ludooico</em></strong></span> <span class='ocrx_word' id='word_1_358' title='bbox 1070 4034 1228 4106; x_wconf 80' lang='lat' dir='ltr'><strong><em>Aupusto,</em></strong></span> <span class='ocrx_word' id='word_1_359' title='bbox 1240 4026 1432 4092; x_wconf 86' lang='lat' dir='ltr'><strong><em>lerarcbiam</em></strong></span> <span class='ocrx_word' id='word_1_360' title='bbox 1446 4028 1485 4091; x_wconf 83' lang='lat' dir='ltr'><strong><em>D.</em></strong></span> <span class='ocrx_word' id='word_1_361' title='bbox 1500 4029 1645 4111; x_wconf 71' lang='lat' dir='ltr'><strong><em>Dionysii</em></strong></span> <span class='ocrx_word' id='word_1_362' title='bbox 1660 4033 1735 4114; x_wconf 71' lang='lat' dir='ltr'><strong><em>tecit</em></strong></span> 
     </span>
    </p>
   </div>
   <div class='ocr_carea' id='block_1_3' title="bbox 102 4157 1773 4263">
    <p class='ocr_par' dir='ltr' id='par_1_4' title="bbox 102 4157 1773 4263">
     <span class='ocr_line' id='line_1_32' title="bbox 102 4157 1773 4263; baseline 0.001 -39"><span class='ocrx_word' id='word_1_363' title='bbox 102 4164 246 4229; x_wconf 88' lang='lat' dir='ltr'><strong><em>latinam.</em></strong></span> <span class='ocrx_word' id='word_1_364' title='bbox 257 4169 371 4230; x_wconf 74' lang='lat' dir='ltr'><strong><em>Exstat</em></strong></span> <span class='ocrx_word' id='word_1_365' title='bbox 385 4184 465 4247; x_wconf 91' lang='lat' dir='ltr'><strong><em>opus</em></strong></span> <span class='ocrx_word' id='word_1_366' title='bbox 480 4165 601 4246; x_wconf 76' lang='lat' dir='ltr'><strong><em>insipere</em></strong></span> <span class='ocrx_word' id='word_1_367' title='bbox 610 4159 845 4228; x_wconf 73' lang='lat' dir='ltr'><strong><em>Commentariis</em></strong></span> <span class='ocrx_word' id='word_1_368' title='bbox 858 4159 1006 4239; x_wconf 73' lang='lat' dir='ltr'><strong><em>[inponis</em></strong></span> <span class='ocrx_word' id='word_1_369' title='bbox 1026 4157 1091 4221; x_wconf 87' lang='lat' dir='ltr'><strong><em>oS.</em></strong></span> <span class='ocrx_word' id='word_1_370' title='bbox 1110 4159 1233 4223; x_wconf 83' lang='lat' dir='ltr'><strong><em>Victore</em></strong></span> <span class='ocrx_word' id='word_1_371' title='bbox 1253 4160 1404 4242; x_wconf 80' lang='lat' dir='ltr'><strong><em>Tbeolopi</em></strong></span> <span class='ocrx_word' id='word_1_372' title='bbox 1421 4159 1628 4224; x_wconf 86' lang='lat' dir='ltr'><strong><em>illustratum.</em></strong></span> <span class='ocrx_word' id='word_1_373' title='bbox 1641 4164 1734 4226; x_wconf 85' lang='lat' dir='ltr'><strong><em>Brevi</em></strong></span> <span class='ocrx_word' id='word_1_374' title='bbox 1769 4254 1773 4263; x_wconf 15' lang='grc' dir='ltr'><em>ὓ</em></span> 
     </span>
    </p>
   </div>
   <div class='ocr_carea' id='block_1_4' title="bbox 95 4283 1736 5140">
    <p class='ocr_par' dir='ltr' id='par_1_5' title="bbox 95 4283 1736 5140">
     <span class='ocr_line' id='line_1_33' title="bbox 99 4283 1736 4369; baseline 0.002 -22"><span class='ocrx_word' id='word_1_375' title='bbox 99 4294 178 4366; x_wconf 89' lang='lat' dir='ltr'><strong><em>post</em></strong></span> <span class='ocrx_word' id='word_1_376' title='bbox 199 4286 311 4347; x_wconf 83' lang='lat' dir='ltr'><strong><em>missus</em></strong></span> <span class='ocrx_word' id='word_1_377' title='bbox 326 4304 346 4345; x_wconf 93' lang='lat' dir='ltr'><strong><em>a</em></strong></span> <span class='ocrx_word' id='word_1_378' title='bbox 359 4285 472 4348; x_wconf 78' lang='lat' dir='ltr'><strong><em>carolo</em></strong></span> <span class='ocrx_word' id='word_1_379' title='bbox 488 4287 582 4349; x_wconf 91' lang='lat' dir='ltr'><strong><em>tertio</em></strong></span> <span class='ocrx_word' id='word_1_380' title='bbox 600 4286 634 4349; x_wconf 89' lang='lat' dir='ltr'><strong><em>in</em></strong></span> <span class='ocrx_word' id='word_1_381' title='bbox 646 4284 791 4366; x_wconf 75' lang='lat' dir='ltr'><strong><em>Aeoliam</em></strong></span> <span class='ocrx_word' id='word_1_382' title='bbox 818 4284 937 4364; x_wconf 78' lang='lat' dir='ltr'><strong><em>topatus</em></strong></span> <span class='ocrx_word' id='word_1_383' title='bbox 951 4283 993 4345; x_wconf 90' lang='lat' dir='ltr'><strong><em>ad</em></strong></span> <span class='ocrx_word' id='word_1_384' title='bbox 1006 4284 1169 4367; x_wconf 60' lang='lat' dir='ltr'><strong><em>ailfredum</em></strong></span> <span class='ocrx_word' id='word_1_385' title='bbox 1181 4286 1358 4368; x_wconf 72' lang='lat' dir='ltr'><strong><em>duplorum</em></strong></span> <span class='ocrx_word' id='word_1_386' title='bbox 1370 4306 1482 4368; x_wconf 79' lang='lat' dir='ltr'><strong><em>sepem,</em></strong></span> <span class='ocrx_word' id='word_1_387' title='bbox 1501 4287 1621 4365; x_wconf 89' lang='lat' dir='ltr'><strong><em>optimo</em></strong></span> <span class='ocrx_word' id='word_1_388' title='bbox 1640 4289 1736 4369; x_wconf 90' lang='lat' dir='ltr'><strong><em>priu-</em></strong></span> 
     </span>
     <span class='ocr_line' id='line_1_34' title="bbox 99 4408 1734 4496; baseline -0.001 -20"><span class='ocrx_word' id='word_1_389' title='bbox 99 4416 168 4496; x_wconf 89' lang='lat' dir='ltr'><strong><em>cipi</em></strong></span> <span class='ocrx_word' id='word_1_390' title='bbox 187 4413 421 4496; x_wconf 76' lang='lat' dir='ltr'><strong><em>pratuloturus,</em></strong></span> <span class='ocrx_word' id='word_1_391' title='bbox 437 4414 522 4496; x_wconf 79' lang='lat' dir='ltr'><strong><em>quod</em></strong></span> <span class='ocrx_word' id='word_1_392' title='bbox 535 4420 610 4496; x_wconf 91' lang='lat' dir='ltr'><strong><em>post</em></strong></span> <span class='ocrx_word' id='word_1_393' title='bbox 625 4414 752 4495; x_wconf 87' lang='lat' dir='ltr'><strong><em>partam</em></strong></span> <span class='ocrx_word' id='word_1_394' title='bbox 767 4410 918 4474; x_wconf 88' lang='lat' dir='ltr'><strong><em>adversus</em></strong></span> <span class='ocrx_word' id='word_1_395' title='bbox 938 4408 1045 4470; x_wconf 87' lang='lat' dir='ltr'><strong><em>Danas</em></strong></span> <span class='ocrx_word' id='word_1_396' title='bbox 1061 4410 1228 4472; x_wconf 82' lang='lat' dir='ltr'><strong><em>victoriam</em></strong></span> <span class='ocrx_word' id='word_1_397' title='bbox 1240 4429 1348 4491; x_wconf 88' lang='lat' dir='ltr'><strong><em>pacem</em></strong></span> <span class='ocrx_word' id='word_1_398' title='bbox 1368 4429 1438 4473; x_wconf 89' lang='lat' dir='ltr'><strong><em>cum</em></strong></span> <span class='ocrx_word' id='word_1_399' title='bbox 1455 4411 1560 4473; x_wconf 85' lang='lat' dir='ltr'><strong><em>Scotis</em></strong></span> <span class='ocrx_word' id='word_1_400' title='bbox 1577 4429 1613 4472; x_wconf 92' lang='lat' dir='ltr'><strong><em>ac</em></strong></span> <span class='ocrx_word' id='word_1_401' title='bbox 1630 4411 1734 4474; x_wconf 62' lang='lat' dir='ltr'><strong><em>Franb</em></strong></span> 
     </span>
     <span class='ocr_line' id='line_1_35' title="bbox 95 4534 1735 4622; baseline -0.009 -11"><span class='ocrx_word' id='word_1_402' title='bbox 95 4549 142 4611; x_wconf 88' lang='lat' dir='ltr'><strong><em>cis</em></strong></span> <span class='ocrx_word' id='word_1_403' title='bbox 155 4547 277 4622; x_wconf 90' lang='lat' dir='ltr'><strong><em>inierit,</em></strong></span> <span class='ocrx_word' id='word_1_404' title='bbox 296 4548 334 4609; x_wconf 90' lang='lat' dir='ltr'><strong><em>ab</em></strong></span> <span class='ocrx_word' id='word_1_405' title='bbox 349 4545 493 4609; x_wconf 75' lang='lat' dir='ltr'><strong><em>eximiam</em></strong></span> <span class='ocrx_word' id='word_1_406' title='bbox 508 4542 713 4607; x_wconf 86' lang='lat' dir='ltr'><strong><em>cruditionem</em></strong></span> <span class='ocrx_word' id='word_1_407' title='bbox 727 4560 766 4603; x_wconf 84' lang='lat' dir='ltr'><strong><em>ecc</em></strong></span> <span class='ocrx_word' id='word_1_408' title='bbox 780 4539 880 4621; x_wconf 82' lang='lat' dir='ltr'><strong><em>lepoto</em></strong></span> <span class='ocrx_word' id='word_1_409' title='bbox 896 4534 1027 4618; x_wconf 79' lang='lat' dir='ltr'><strong><em>Alsredo</em></strong></span> <span class='ocrx_word' id='word_1_410' title='bbox 1052 4537 1157 4619; x_wconf 78' lang='lat' dir='ltr'><strong><em>[actus</em></strong></span> <span class='ocrx_word' id='word_1_411' title='bbox 1174 4542 1218 4597; x_wconf 90' lang='lat' dir='ltr'><strong><em>est</em></strong></span> <span class='ocrx_word' id='word_1_412' title='bbox 1244 4536 1367 4616; x_wconf 87' lang='lat' dir='ltr'><strong><em>ltospes,</em></strong></span> <span class='ocrx_word' id='word_1_413' title='bbox 1381 4536 1538 4617; x_wconf 80' lang='lat' dir='ltr'><strong><em>repiisque</em></strong></span> <span class='ocrx_word' id='word_1_414' title='bbox 1552 4534 1660 4598; x_wconf 87' lang='lat' dir='ltr'><strong><em>liberis</em></strong></span> <span class='ocrx_word' id='word_1_415' title='bbox 1680 4536 1735 4597; x_wconf 89' lang='lat' dir='ltr'><strong><em>ad-</em></strong></span> 
     </span>
     <span class='ocr_line' id='line_1_36' title="bbox 96 4663 1734 4759; baseline -0.01 -16"><span class='ocrx_word' id='word_1_416' title='bbox 96 4678 219 4743; x_wconf 78' lang='lat' dir='ltr'><strong><em>bibitus</em></strong></span> <span class='ocrx_word' id='word_1_417' title='bbox 229 4683 427 4759; x_wconf 87' lang='lat' dir='ltr'><strong><em>pracceptor.</em></strong></span> <span class='ocrx_word' id='word_1_418' title='bbox 444 4677 556 4741; x_wconf 78' lang='lat' dir='ltr'><strong><em>Verum</em></strong></span> <span class='ocrx_word' id='word_1_419' title='bbox 569 4681 678 4756; x_wconf 88' lang='lat' dir='ltr'><strong><em>postea</em></strong></span> <span class='ocrx_word' id='word_1_420' title='bbox 693 4668 1006 4735; x_wconf 87' lang='lat' dir='ltr'><strong><em>inMnlmesburiensi</em></strong></span> <span class='ocrx_word' id='word_1_421' title='bbox 1030 4665 1178 4731; x_wconf 83' lang='lat' dir='ltr'><strong><em>coenobio</em></strong></span> <span class='ocrx_word' id='word_1_422' title='bbox 1194 4664 1317 4727; x_wconf 87' lang='lat' dir='ltr'><strong><em>divinas</em></strong></span> <span class='ocrx_word' id='word_1_423' title='bbox 1332 4663 1540 4747; x_wconf 76' lang='lat' dir='ltr'><strong><em>humanosque</em></strong></span> <span class='ocrx_word' id='word_1_424' title='bbox 1550 4663 1658 4728; x_wconf 87' lang='lat' dir='ltr'><strong><em>literas</em></strong></span> <span class='ocrx_word' id='word_1_425' title='bbox 1670 4667 1734 4747; x_wconf 77' lang='lat' dir='ltr'><strong><em>[re-</em></strong></span> 
     </span>
     <span class='ocr_line' id='line_1_37' title="bbox 97 4796 1734 4895; baseline -0.006 -26"><span class='ocrx_word' id='word_1_426' title='bbox 97 4808 206 4888; x_wconf 73' lang='lat' dir='ltr'><strong><em>nuenti</em></strong></span> <span class='ocrx_word' id='word_1_427' title='bbox 230 4804 391 4895; x_wconf 72' lang='lat' dir='ltr'><strong><em>auditorio</em></strong></span> <span class='ocrx_word' id='word_1_428' title='bbox 414 4805 623 4886; x_wconf 73' lang='lat' dir='ltr'><strong><em>profitentem,</em></strong></span> <span class='ocrx_word' id='word_1_429' title='bbox 635 4801 762 4885; x_wconf 78' lang='lat' dir='ltr'><strong><em>quidam</em></strong></span> <span class='ocrx_word' id='word_1_430' title='bbox 788 4800 1023 4880; x_wconf 84' lang='lat' dir='ltr'><strong><em>corruptissimi</em></strong></span> <span class='ocrx_word' id='word_1_431' title='bbox 1037 4797 1267 4872; x_wconf 85' lang='lat' dir='ltr'><strong><em>adolescentes,</em></strong></span> <span class='ocrx_word' id='word_1_432' title='bbox 1286 4813 1422 4878; x_wconf 78' lang='lat' dir='ltr'><strong><em>quorum</em></strong></span> <span class='ocrx_word' id='word_1_433' title='bbox 1439 4796 1642 4861; x_wconf 87' lang='lat' dir='ltr'><strong><em>insolentiam</em></strong></span> <span class='ocrx_word' id='word_1_434' title='bbox 1662 4815 1734 4859; x_wconf 89' lang='lat' dir='ltr'><strong><em>mo-</em></strong></span> 
     </span>
     <span class='ocr_line' id='line_1_38' title="bbox 98 4924 1732 5014; baseline -0.005 -20"><span class='ocrx_word' id='word_1_435' title='bbox 98 4951 227 5014; x_wconf 76' lang='lat' dir='ltr'><strong><em>rumque</em></strong></span> <span class='ocrx_word' id='word_1_436' title='bbox 244 4933 432 5013; x_wconf 83' lang='lat' dir='ltr'><strong><em>pravitatem</em></strong></span> <span class='ocrx_word' id='word_1_437' title='bbox 457 4931 563 4993; x_wconf 88' lang='lat' dir='ltr'><strong><em>aerius</em></strong></span> <span class='ocrx_word' id='word_1_438' title='bbox 585 4930 747 5012; x_wconf 68' lang='lat' dir='ltr'><strong><em>assuebat,</em></strong></span> <span class='ocrx_word' id='word_1_439' title='bbox 769 4928 1078 5010; x_wconf 86' lang='lat' dir='ltr'><strong><em>ipsumpupionibus</em></strong></span> <span class='ocrx_word' id='word_1_440' title='bbox 1093 4927 1521 5009; x_wconf 75' lang='lat' dir='ltr'><strong><em>confossum&#39;interemerunt,</em></strong></span> <span class='ocrx_word' id='word_1_441' title='bbox 1538 4941 1627 5006; x_wconf 77' lang='lat' dir='ltr'><strong><em>quem</em></strong></span> <span class='ocrx_word' id='word_1_442' title='bbox 1648 4924 1732 4987; x_wconf 86' lang='lat' dir='ltr'><strong><em>inter</em></strong></span> 
     </span>
     <span class='ocr_line' id='line_1_39' title="bbox 99 5054 1732 5140; baseline -0.004 -21"><span class='ocrx_word' id='word_1_443' title='bbox 99 5056 218 5121; x_wconf 74' lang='lat' dir='ltr'><strong><em>curaer·</em></strong></span> <span class='ocrx_word' id='word_1_444' title='bbox 232 5066 384 5139; x_wconf 71' lang='lat' dir='ltr'><strong><em>martyres</em></strong></span> <span class='ocrx_word' id='word_1_445' title='bbox 398 5059 509 5122; x_wconf 86' lang='lat' dir='ltr'><strong><em>summi</em></strong></span> <span class='ocrx_word' id='word_1_446' title='bbox 532 5060 693 5140; x_wconf 79' lang='lat' dir='ltr'><strong><em>pontificis</em></strong></span> <span class='ocrx_word' id='word_1_447' title='bbox 711 5059 883 5120; x_wconf 90' lang='lat' dir='ltr'><strong><em>autoritate</em></strong></span> <span class='ocrx_word' id='word_1_448' title='bbox 896 5076 956 5120; x_wconf 83' lang='lat' dir='ltr'><strong><em>rea</em></strong></span> <span class='ocrx_word' id='word_1_449' title='bbox 981 5057 1157 5132; x_wconf 88' lang='lat' dir='ltr'><strong><em>numerari,</em></strong></span> <span class='ocrx_word' id='word_1_450' title='bbox 1178 5064 1206 5119; x_wconf 87' lang='lat' dir='ltr'><strong><em>ct</em></strong></span> <span class='ocrx_word' id='word_1_451' title='bbox 1229 5054 1326 5121; x_wconf 88' lang='lat' dir='ltr'><strong><em>eidem</em></strong></span> <span class='ocrx_word' id='word_1_452' title='bbox 1350 5055 1474 5135; x_wconf 68' lang='lat' dir='ltr'><strong><em>insinno</em></strong></span> <span class='ocrx_word' id='word_1_453' title='bbox 1501 5060 1732 5117; x_wconf 89' lang='lat' dir='ltr'><strong><em>monumentum</em></strong></span> 
     </span>
    </p>
   </div>
   <div class='ocr_carea' id='block_1_5' title="bbox 100 5185 730 5271">
    <p class='ocr_par' dir='ltr' id='par_1_6' title="bbox 100 5185 730 5271">
     <span class='ocr_line' id='line_1_40' title="bbox 100 5185 730 5271; baseline 0.005 -22"><span class='ocrx_word' id='word_1_454' title='bbox 100 5185 133 5249; x_wconf 91' lang='lat' dir='ltr'><strong><em>in</em></strong></span> <span class='ocrx_word' id='word_1_455' title='bbox 147 5189 407 5252; x_wconf 84' lang='lat' dir='ltr'><strong><em>eodemcomobio</em></strong></span> <span class='ocrx_word' id='word_1_456' title='bbox 422 5191 504 5271; x_wconf 78' lang='lat' dir='ltr'><strong><em>eripi</em></strong></span> <span class='ocrx_word' id='word_1_457' title='bbox 516 5191 730 5271; x_wconf 70' lang='lat' dir='ltr'><strong><em>piccuraoit.¹</em></strong></span> 
     </span>
    </p>
   </div>
   <div class='ocr_carea' id='block_1_6' title="bbox 102 5326 1731 5907">
    <p class='ocr_par' dir='ltr' id='par_1_7' title="bbox 102 5326 1731 5907">
     <span class='ocr_line' id='line_1_41' title="bbox 140 5326 1730 5417; baseline -0.003 -22"><span class='ocrx_word' id='word_1_458' title='bbox 140 5334 218 5408; x_wconf 65' lang='lat'><strong><em>523.</em></strong></span> <span class='ocrx_word' id='word_1_459' title='bbox 236 5333 322 5396; x_wconf 77' lang='lat' dir='ltr'><strong><em>Haec</em></strong></span> <span class='ocrx_word' id='word_1_460' title='bbox 337 5328 435 5412; x_wconf 59' lang='lat' dir='ltr'><strong><em>igitur</em></strong></span> <span class='ocrx_word' id='word_1_461' title='bbox 449 5338 632 5398; x_wconf 80' lang='lat' dir='ltr'><strong><em>testimonia</em></strong></span> <span class='ocrx_word' id='word_1_462' title='bbox 647 5380 656 5413; x_wconf 96' lang='lat'><strong><em>,</em></strong></span> <span class='ocrx_word' id='word_1_463' title='bbox 673 5335 911 5417; x_wconf 83' lang='lat' dir='ltr'><strong><em>qualiacunque</em></strong></span> <span class='ocrx_word' id='word_1_464' title='bbox 925 5339 1022 5409; x_wconf 84' lang='lat' dir='ltr'><strong><em>sunt,</em></strong></span> <span class='ocrx_word' id='word_1_465' title='bbox 1041 5331 1220 5414; x_wconf 87' lang='lat' dir='ltr'><strong><em>adjicienda</em></strong></span> <span class='ocrx_word' id='word_1_466' title='bbox 1236 5329 1331 5393; x_wconf 88' lang='lat' dir='ltr'><strong><em>nobis</em></strong></span> <span class='ocrx_word' id='word_1_467' title='bbox 1349 5329 1418 5395; x_wconf 85' lang='lat' dir='ltr'><strong><em>risa</em></strong></span> <span class='ocrx_word' id='word_1_468' title='bbox 1443 5336 1530 5393; x_wconf 89' lang='lat' dir='ltr'><strong><em>sunt.</em></strong></span> <span class='ocrx_word' id='word_1_469' title='bbox 1546 5326 1679 5391; x_wconf 82' lang='lat' dir='ltr'><strong><em>Erraces</em></strong></span> <span class='ocrx_word' id='word_1_470' title='bbox 1696 5326 1730 5391; x_wconf 90' lang='lat' dir='ltr'><strong><em>in</em></strong></span> 
     </span>
     <span class='ocr_line' id='line_1_42' title="bbox 102 5442 1730 5536; baseline -0.006 -21"><span class='ocrx_word' id='word_1_471' title='bbox 102 5442 236 5515; x_wconf 86' lang='lat' dir='ltr'><strong><em>loannis</em></strong></span> <span class='ocrx_word' id='word_1_472' title='bbox 253 5453 338 5517; x_wconf 87' lang='lat' dir='ltr'><strong><em>Scoti</em></strong></span> <span class='ocrx_word' id='word_1_473' title='bbox 354 5452 458 5529; x_wconf 87' lang='lat' dir='ltr'><strong><em>libris,</em></strong></span> <span class='ocrx_word' id='word_1_474' title='bbox 473 5454 530 5535; x_wconf 87' lang='lat' dir='ltr'><strong><em>qni</em></strong></span> <span class='ocrx_word' id='word_1_475' title='bbox 544 5462 742 5536; x_wconf 83' lang='lat' dir='ltr'><strong><em>supersunt,</em></strong></span> <span class='ocrx_word' id='word_1_476' title='bbox 762 5454 865 5535; x_wconf 82' lang='lat' dir='ltr'><strong><em>sparsi</em></strong></span> <span class='ocrx_word' id='word_1_477' title='bbox 878 5462 932 5518; x_wconf 91' lang='lat' dir='ltr'><strong><em>aut</em></strong></span> <span class='ocrx_word' id='word_1_478' title='bbox 947 5452 1076 5534; x_wconf 90' lang='lat' dir='ltr'><strong><em>scriptis</em></strong></span> <span class='ocrx_word' id='word_1_479' title='bbox 1093 5449 1391 5529; x_wconf 76' lang='lat' dir='ltr'><strong><em>Pseudo-Dionysii</em></strong></span> <span class='ocrx_word' id='word_1_480' title='bbox 1411 5449 1579 5522; x_wconf 89' lang='lat' dir='ltr'><strong><em>nituntur,</em></strong></span> <span class='ocrx_word' id='word_1_481' title='bbox 1606 5450 1663 5509; x_wconf 86' lang='lat' dir='ltr'><strong><em>aut</em></strong></span> <span class='ocrx_word' id='word_1_482' title='bbox 1691 5462 1730 5508; x_wconf 82' lang='lat' dir='ltr'><strong><em>ex</em></strong></span> 
     </span>
     <span class='ocr_line' id='line_1_43' title="bbox 102 5562 1731 5657; baseline -0.006 -23"><span class='ocrx_word' id='word_1_483' title='bbox 102 5569 266 5634; x_wconf 81' lang='lat' dir='ltr'><strong><em>similibus</em></strong></span> <span class='ocrx_word' id='word_1_484' title='bbox 290 5571 593 5653; x_wconf 85' lang='lat' dir='ltr'><strong><em>Naaptatonicorum</em></strong></span> <span class='ocrx_word' id='word_1_485' title='bbox 608 5573 720 5647; x_wconf 85' lang='lat' dir='ltr'><strong><em>tibris,</em></strong></span> <span class='ocrx_word' id='word_1_486' title='bbox 748 5590 887 5657; x_wconf 89' lang='lat' dir='ltr'><strong><em>quarum</em></strong></span> <span class='ocrx_word' id='word_1_487' title='bbox 913 5574 1055 5656; x_wconf 86' lang='lat' dir='ltr'><strong><em>aliquam</em></strong></span> <span class='ocrx_word' id='word_1_488' title='bbox 1073 5571 1199 5654; x_wconf 87' lang='lat' dir='ltr'><strong><em>copiam</em></strong></span> <span class='ocrx_word' id='word_1_489' title='bbox 1221 5570 1438 5636; x_wconf 84' lang='lat' dir='ltr'><strong><em>bibliothecae</em></strong></span> <span class='ocrx_word' id='word_1_490' title='bbox 1454 5562 1653 5630; x_wconf 77' lang='lat' dir='ltr'><strong><em>Parisiansce</em></strong></span> <span class='ocrx_word' id='word_1_491' title='bbox 1667 5562 1731 5643; x_wconf 85' lang='lat' dir='ltr'><strong><em>ipsi</em></strong></span> 
     </span>
     <span class='ocr_line' id='line_1_44' title="bbox 102 5684 1730 5772; baseline -0.004 -20"><span class='ocrx_word' id='word_1_492' title='bbox 102 5689 324 5771; x_wconf 80' lang='lat' dir='ltr'><strong><em>suppeditasse</em></strong></span> <span class='ocrx_word' id='word_1_493' title='bbox 341 5690 514 5763; x_wconf 84' lang='lat' dir='ltr'><strong><em>ridentur,</em></strong></span> <span class='ocrx_word' id='word_1_494' title='bbox 539 5689 647 5753; x_wconf 87' lang='lat' dir='ltr'><strong><em>hausti</em></strong></span> <span class='ocrx_word' id='word_1_495' title='bbox 664 5697 752 5754; x_wconf 88' lang='lat' dir='ltr'><strong><em>sunt.</em></strong></span> <span class='ocrx_word' id='word_1_496' title='bbox 777 5691 1016 5772; x_wconf 87' lang='lat' dir='ltr'><strong><em>Nonnunquam</em></strong></span> <span class='ocrx_word' id='word_1_497' title='bbox 1045 5708 1119 5754; x_wconf 87' lang='lat' dir='ltr'><strong><em>raro</em></strong></span> <span class='ocrx_word' id='word_1_498' title='bbox 1138 5690 1283 5769; x_wconf 76' lang='lat' dir='ltr'><strong><em>Originis</em></strong></span> <span class='ocrx_word' id='word_1_499' title='bbox 1298 5705 1429 5771; x_wconf 89' lang='lat' dir='ltr'><strong><em>quoquo</em></strong></span> <span class='ocrx_word' id='word_1_500' title='bbox 1446 5685 1543 5749; x_wconf 82' lang='lat' dir='ltr'><strong><em>falsas</em></strong></span> <span class='ocrx_word' id='word_1_501' title='bbox 1558 5684 1730 5764; x_wconf 87' lang='lat' dir='ltr'><strong><em>opiniones</em></strong></span> 
     </span>
     <span class='ocr_line' id='line_1_45' title="bbox 106 5792 1730 5907; baseline -0.005 -29"><span class='ocrx_word' id='word_1_502' title='bbox 106 5813 189 5879; x_wconf 86' lang='lat' dir='ltr'><strong><em>citat.</em></strong></span> <span class='ocrx_word' id='word_1_503' title='bbox 207 5810 266 5907; x_wconf 76' lang='lat' dir='ltr'><strong><em>lici</em></strong></span> <span class='ocrx_word' id='word_1_504' title='bbox 281 5792 324 5899; x_wconf 59' lang='lat' dir='ltr'><strong><em>ab&gt;</em></strong></span> <span class='ocrx_word' id='word_1_505' title='bbox 339 5813 461 5895; x_wconf 75' lang='lat' dir='ltr'><strong><em>graecis</em></strong></span> <span class='ocrx_word' id='word_1_506' title='bbox 480 5792 624 5877; x_wconf 82' lang='lat' dir='ltr'><strong><em>Patribus</em></strong></span> <span class='ocrx_word' id='word_1_507' title='bbox 641 5810 693 5876; x_wconf 79' lang='lat' dir='ltr'><strong><em>ss.</em></strong></span> <span class='ocrx_word' id='word_1_508' title='bbox 709 5812 882 5892; x_wconf 78' lang='lat' dir='ltr'><strong><em>Gregorius</em></strong></span> <span class='ocrx_word' id='word_1_509' title='bbox 895 5812 1077 5893; x_wconf 71' lang='lat' dir='ltr'><strong><em>Nyssanum</em></strong></span> <span class='ocrx_word' id='word_1_510' title='bbox 1096 5817 1127 5873; x_wconf 91' lang='lat' dir='ltr'><strong><em>ct</em></strong></span> <span class='ocrx_word' id='word_1_511' title='bbox 1140 5811 1387 5886; x_wconf 80' lang='lat' dir='ltr'><strong><em>Nazianzenum,</em></strong></span> <span class='ocrx_word' id='word_1_512' title='bbox 1404 5816 1433 5872; x_wconf 88' lang='lat' dir='ltr'><strong><em>et</em></strong></span> <span class='ocrx_word' id='word_1_513' title='bbox 1451 5808 1482 5870; x_wconf 86' lang='lat' dir='ltr'><strong><em>S.</em></strong></span> <span class='ocrx_word' id='word_1_514' title='bbox 1497 5806 1671 5882; x_wconf 88' lang='lat' dir='ltr'><strong><em>Basiliam,</em></strong></span> <span class='ocrx_word' id='word_1_515' title='bbox 1687 5822 1730 5871; x_wconf 81' lang='lat' dir='ltr'><strong><em>ex</em></strong></span> 
     </span>
    </p>
   </div>
   <div class='ocr_carea' id='block_1_7' title="bbox 0 0 2088 6625">
    <p class='ocr_par' dir='ltr' id='par_1_8' title="bbox 0 0 2088 6625">
     <span class='ocr_line' id='line_1_46' title="bbox 0 0 2088 6625; baseline 0 1"><span class='ocrx_word' id='word_1_516' title='bbox 0 0 2088 6625; x_wconf 95' lang='lat' dir='ltr'><strong><em> </em></strong></span> 
     </span>
    </p>
   </div>
  </div>
 </body>
</html>
