4167 6625
188 430 197 434 -
316 402 381 446 uir
1020 376 1235 437 811001111Ιῦ11.

314 495 431 560 haecce
442 516 451 557 r
462 491 576 556 Frater
584 473 850 554 leboauirSeetti
861 486 1020 551 aldelmus
1033 489 1108 568 [erit
1126 487 1217 550 ierem
1228 488 1380 568 pepinum
1396 489 1403 566 Ι
1472 489 1593 551 literam
1607 495 1770 551 18888888
1783 487 1925 549 Domini
1939 491 1947 567 t

313 621 558 692 DCCC⁰XCVPr
572 622 800 702 sequentianno
810 618 950 682 tenebrae
966 619 972 699 Ι
988 617 1057 680 811
1068 618 1277 712 literarumcb
1287 618 1333 681 81.
1346 617 1383 681 F.
1395 619 1432 680 Ζ.
1449 621 1456 693 l
1474 627 1502 682 et
1512 618 1638 701 siefder'rr
1654 621 1660 698 1
1676 635 1751 698 cepe
1771 620 1779 697 1
1799 617 1925 698 incipit
1941 619 1947 695 Ι

315 750 414 817 reli...
433 754 439 832 Ι
457 750 512 815 obi
524 749 623 814 xtra·
641 750 648 829 1
665 747 746 812 linea
762 750 769 830 1
785 747 886 830 accip.
905 746 912 825 Ι
930 764 1006 810 ..uu
1025 746 1032 825 Ι
1048 744 1756 829 8881888188881088818,08888881881118
1770 744 1960 821 d'Abtlard,

316 879 463 972 epperd„
478 900 510 963 p.
525 882 596 947 822.

356 1012 371 1086 i
385 1011 436 1072 21.
447 1010 555 1090 Nuper
566 1011 603 1070 ll'
612 1009 645 1070 J.
657 1008 694 1072 li.
708 1007 805 1076 Weiss
816 1007 850 1072 in
861 1008 943 1072 libro
953 1030 961 1070 r
970 1006 1281 1090 Gercbiebtedlsreda
1293 1006 1346 1069 der
1358 1006 1492 1070 Grosrer
1500 1005 1719 1088 8818111888
1731 1007 1835 1079 1852,
1847 1009 1961 1070 auctor

317 1139 496 1205 sententiae
508 1138 581 1215 luit,
592 1140 748 1204 loannem
762 1141 891 1204 Scotum
914 1111 955 1203 ab
974 1138 1104 1204 Allredo
1127 1156 1203 1219 rege
1230 1146 1379 1203 roratum
1393 1156 1412 1203 8
1425 1138 1527 1202 Gallia
1540 1138 1575 1201 in
1592 1135 1742 1215 angliam
1759 1134 1917 1209 venisse,
1932 1140 1961 1198 et

317 1287 346 1333 a.
364 1267 418 1330 891
439 1266 662 1330 Malmesbnrii
677 1275 839 1332 mortuum
853 1286 937 1333 esse.
955 1269 1075 1333 Nititur
1091 1270 1328 1349 argumentatio
1357 1269 1428 1350 ejus
1442 1268 1570 1334 duobus
1586 1264 1765 1341 chronicis,
1792 1263 1961 1327 Patribur·

318 1397 411 1478 gensi
425 1396 572 1476 Angliae,
596 1395 730 1459 Thuano
743 1396 907 1461 Francius.
927 1397 1011 1463 illud
1030 1398 1103 1462 edd.
1118 1398 1236 1480 ‚loseph
1248 1398 1378 1479 Spcrlre,
1394 1399 1557 1461 Historiae
1570 1391 1769 1476 1881188188
1781 1394 1961 1473 scriptores

319 1532 403 1595 cerii
416 1551 431 1594 e
445 1529 537 1594 redd.
552 1547 624 1595 mar.
638 1548 721 1593 8888
733 1533 872 1612 primum
890 1531 967 1596 editi
982 1534 1128 1608 112881
1151 1532 1237 1596 Gilee
1260 1533 1413 1597 leodicii
1430 1534 1521 1598 1818.
1535 1532 1596 1597 Ubi
1613 1532 1651 1596 ad
1667 1548 1696 1594 a.
1714 1529 1782 1592 891
1807 1527 1893 1590 haec
1910 1541 1962 1588 ex·
2033 1515 2034 1572 ἶ

319 1668 404 1727 etant
418 1682 426 1722 r
438 1659 612 1724 Normcuui
622 1638 813 1727 Wermcriee
826 1660 1005 1741 episcopum
1017 1658 1176 1724 occidunt.
1186 1660 1323 1724 lacerer
1331 1662 1444 1724 Scelus
1453 1659 1619 1724 meracior
1627 1617 1861 1721 Mclmerbrerii
1871 1655 1959 1728 obiit,

320 1795 536 1876 conseribant
549 1790 679 1866 dieitur,
690 1792 833 1872 propitiis
844 1801 1026 1872 puerorum,
1038 1810 1171 1872 quorum
1180 1794 1328 1873 magister
1337 1801 1415 1854 ereb
1429 1792 1609 1857 chronicon
1619 1785 1961 1872 bibliothecae'lhua·
2033 1755 2034 1758 Ἴ

320 1922 457 2006 8881118
473 1919 601 1984 Chesne
614 1917 755 1999 scriptu,
767 1919 859 1982 Tem.
878 1919 934 1991 lll,
948 1883 980 1999 p
995 1918 1066 1981 859.
1082 1903 1801 2001 118888818881811.,Τ818.1111,ρ.283111888
1818 1917 1959 2001 prolert:

320 2052 445 2132 1188818
459 2044 583 2128 Elsredi
596 2046 854 2109 JeaareeSretur
871 2046 967 2109 rediit
994 2011 1189 2119 88888818,
1204 2048 1261 2109 ubi
1287 2056 1354 2108 erat
1381 2066 1450 2110 cara
1472 2049 1587 2111 Cereio
1607 2049 1716 2114 Calue.
1747 2050 1816 2114 Sed
1846 2050 1960 2114 horum

319 2177 545 2243 chronicorum
571 2192 655 2256 qaae
682 2177 723 2236 sit
745 2172 939 2246 auctoritas,
961 2172 1212 2251 expandendum
1229 2178 1314 2246 erat,
1335 2172 1517 2239 chronicon
1534 2175 1705 2239 Thuanum
1740 2179 1779 2242 in
1806 2179 1871 2244 hoc
1892 2178 1959 2243 lece

320 2310 480 2376 Guilelmo
493 2302 772 2370 Nalmesburiensi
785 2303 1058 2383 mnitr,qu1snou
1072 2302 1269 2383 suspicaturi
1284 2300 1435 2368 Chronici
1447 2310 1554 2368 autem
1567 2306 1958 2388 Patriburgensis'loeuna

321 2456 364 2503 ex
381 2436 496 2501 codem
512 2430 602 2498 loute
618 2431 765 2508 tluxisse,
778 2430 846 2513 jam
861 2429 971 2494 labula
987 2430 1027 2494 de
1042 2430 1185 2511 graphiis
1203 2448 1391 2512 puerorum.
1408 2433 1515 2497 rerbis
1526 2441 1562 2496 ct
1574 2432 1693 2497 dicitur
1712 2436 1859 2510 additis,
1876 2434 1958 2498 haud

320 2564 799 2648 obscureindicatur.1leu1que
813 2579 879 2648 quo
889 2564 965 2646 jure
978 2563 1034 2629 ille
1048 2564 1245 2629 contendere
1258 2564 1373 2646 possit,
1391 2577 1499 2630 locum
1512 2563 1700 2629 superine
1713 2560 1958 2627 ,1888888818-

320 2714 440 2761 888888
450 2694 691 2777 supposititium
702 2710 788 2770 esse,
802 2709 881 2757 sane
891 2709 958 2756 non
971 2708 1139 2775 assequor.
1154 2693 1231 2755 Nam
1246 2691 1365 2773 posita,
1382 2698 1418 2754 ut
1432 2691 1523 2755 locus
1537 2688 1682 2764 Assueri,
1694 2691 1761 2770 qui
1779 2690 1898 2770 incipit
1913 2713 1927 2747 ι
1940 2707 1958 2749 8

319 2825 452 2907 8888888
471 2832 656 2908 ternpore»,
674 2823 839 2903 genuinus
861 2840 929 2887 nen
950 2824 1005 2898 sit,
1029 2828 1137 2888 tamen
1154 2823 1225 2904 ejus
1242 2820 1418 2886 narrationi
1434 2821 1609 2885 (18188888
1625 2819 1841 2885 Ecldeaoecne
1854 2821 1953 2903 prime

319 2952 529 3034 Aethaliapice
544 2955 663 3031 811818,
680 2973 764 3038 quae
782 2956 877 3037 paulo
889 2961 966 3020 ante
982 2955 1156 3036 praecedit,
1174 2951 1256 3017 ades
1271 2968 1336 3015 non
1354 2957 1401 3016 est
1418 2951 1609 3030 abroganda.
1634 2951 1783 3014 ioannes
1809 2965 1888 3013 vero
1915 2946 1950 3009 ab

318 3081 449 3146 ailredo
465 3098 541 3160 rege
559 3096 621 3142 una
637 3096 709 3142 cum
727 3076 911 3141 Grimbaldo
926 3079 960 3138 in
975 3077 1124 3155 angliam
1141 3083 1284 3150 vocatus,
1301 3074 1388 3157 'quin
1407 3073 1449 3137 sit
1466 3073 1553 3137 idem
1573 3073 1626 3137 hic
1644 3072 1810 3138 Ealdsaxo
1839 3070 1952 3136 hetha·

314 3210 440 3292 lingiae
454 3212 564 3283 abbas,
581 3211 636 3272 rix
650 3208 862 3271 dubitandum
880 3206 951 3269 erit.
968 3208 1117 3272 Fortasse
1133 3204 1386 3270 scrutationibus
1399 3205 1553 3270 accuratis
1571 3206 1605 3269 in
1628 3205 1747 3283 huglia
1773 3206 1948 3284 continget,

319 3344 359 3405 ut
372 3332 579 3400 inveniantur
595 3349 677 3397 nava
693 3336 867 3406 momenta,
879 3330 999 3411 quibus
1013 3330 1092 3395 haec
1106 3331 1254 3413 quaestio
1268 3331 1308 3395 de
1325 3298 1457 3398 loannis
1473 3332 1558 3397 Secti
1571 3333 1604 3396 in
1620 3333 1774 3416 angliam
1792 3335 1900 3400 reditu
1913 3333 1950 3397 ad

319 3449 480 3542 liquidum
497 3454 700 3538 perducatur.

361 3576 441 3654 122.
457 3545 592 3637 loannis
608 3573 693 3637 88811
715 3573 803 3649 iibri,
818 3573 876 3656 qui
894 3579 1081 3656 supersunt,
1099 3593 1165 3656 quo
1188 3573 1301 3640 ordino
1318 3575 1429 3658 scripti
1455 3576 1522 3641 siut
1549 3582 1580 3641 et
1597 3576 1632 3640 in
1655 3576 1765 3641 lucem
1783 3577 1878 3651 editi,
1898 3574 1948 3637 rix

320 3708 425 3786 petest
438 3703 577 3768 deliniri.
592 3706 662 3771 Hoc
679 3707 784 3771 solum
800 3710 936 3779 constat,
955 3672 1210 3787 «Expositiones
1224 3706 1401 3772 lerarchiae
1415 3692 1589 3772 caelestis»
1613 3712 1685 3788 post
1699 3705 1808 3770 libros
1824 3671 1890 3769 «de
1906 3702 1948 3766 di·

319 3834 446 3900 risione
459 3835 618 3900 Naturae»
636 3836 832 3917 compositos
847 3852 931 3912 esse,
945 3835 984 3899 ad
998 3853 1081 3917 quos
1096 3837 1282 3918 respiciunt.
1300 3836 1412 3902 Libros
1428 3837 1496 3901 «de
1506 3837 1667 3902 dirisIone
1678 3837 1825 3901 Naturae
1837 3861 1852 3897 s
1866 3831 1947 3901 Wol-

318 3964 394 4045 sadc
411 3963 575 4029 dedicatos
591 3981 708 4042 essee
725 3966 787 4031 line
802 3983 913 4031 eornm
927 3966 965 4031 ad
983 3964 1078 4032 iidem
1095 3967 1214 4032 codicis
1233 3968 1264 4031 8.
1283 3966 1466 4031 Germania
1483 3966 1579 4031 nobis
1591 3970 1761 4063 recognito
1772 3970 1945 4051 colligitur.

320 4094 493 4161 Wulladus
508 4095 840 4161 ecclesiaeliemensis
852 4113 1050 4162 oeconomus
1061 4097 1207 4162 interluit
1217 4097 1354 4161 concilio
1368 4095 1581 4160 Curisiaceusi
1593 4105 1703 4162 contra
1717 4103 1943 4169 Getescalcum

320 4210 429 4276 habito
445 4212 546 4276 asta.
563 4213 757 4277 18888888
771 4214 938 4277 ordinatus
952 4214 986 4277 iu
1005 4214 1144 4279 concilio
1154 4217 1380 4280 suessionensi
1393 4235 1422 4280 a.
1433 4217 1492 4281 858
1502 4217 1603 4297 gradu
1618 4218 1775 4296 privatur.
1796 4220 1945 4285 Deindea

319 4324 545 4397 8881888188
560 4331 745 4405 arcessitus,
763 4331 797 4395 in
812 4332 885 4397 aula
898 4334 1288 4413 RegiaCarolomanuum,
1302 4336 1385 4415 regis
1399 4335 1515 4411 illium,
1530 4335 1683 4399 instituit.
1695 4338 1756 4400 ubi
1771 4338 1941 4404 amicitiam

191 4465 196 4474 ·
319 4466 392 4513 cum
413 4449 538 4513 loanne
562 4430 656 4513 88818
673 4449 786 4515 1811888
804 4450 941 4533 videtur.
967 4452 1120 4516 Nicotaus
1147 4455 1181 4525 R.
1198 4451 1224 4516 1.
1240 4469 1270 4516 a.
1284 4453 1346 4518 865
1368 4450 1503 4516 clericos
1520 4455 1561 4547 ab
1575 4428 1708 4518 Ebbone
1722 4456 1893 4519 ordinatos
1911 4453 1942 4514 in

319 4575 472 4658 pristinos
487 4575 603 4657 padus
619 4573 770 4638 restituit.
786 4573 886 4636 Paulo
898 4580 972 4653 post
986 4572 1159 4635 Wulladus
1173 4570 1490 4651 CaroliCalrilarere
1500 4574 1815 4657 archiepiscopatum
1833 4575 1944 4641 Bituri·
2033 4572 2034 4579 ’

318 4682 449 4761 censam
464 4694 600 4776 adeptus
616 4700 675 4758 est.
691 4693 909 4759 0111118816.
927 4692 973 4754 De
990 4708 1056 4775 qua
1075 4690 1148 4755 ride
1162 4690 1329 4755 habiliora.
1344 4692 1461 4757 annal.
1478 4694 1569 4758 Tom.
1589 4694 1634 4761 111
1649 4696 1772 4763 ethist.
1792 4692 1943 4760 litteraire

320 4813 362 4876 de
377 4813 408 4877 la
422 4814 553 4888 France,
572 4815 662 4877 Tum.
690 4816 730 4889 V,
750 4832 781 4895 p.
806 4815 877 4875 1871.
893 4814 1048 4893 Tempus,
1072 4829 1139 4894 quo
1161 4813 1296 4877 loannis
1320 4813 1404 4877 Secti
1424 4812 1536 4879 «liber
1560 4814 1600 4879 de
1623 4816 1941 4882 Praedestinatieuer

318 4942 517 5023 compositus
531 4942 586 5015 sit,
604 4940 695 5005 lacile
715 4938 893 5019 colligitur.
910 4938 1031 5002 Pariter
1046 4955 1175 5002 carmen
1198 4939 1212 5000 1
1233 4937 1317 5002 inira
1337 4938 1531 5021 impressum
1547 4938 1668 5002 bellurn
1695 4939 1783 5003 inter
1795 4936 1942 5001 carolum

315 5058 449 5126 Calvum
465 5065 497 5125 et
511 5060 709 5125 Luderieum
735 5061 925 5125 Germaniae
945 5074 1054 5136 regem
1079 5057 1252 5121 condatum
1277 5059 1420 5141 respicit.
1444 5058 1556 5123 Cetera
1575 5056 1708 5120 loannis
1722 5056 1811 5121 Scoti
1828 5053 1940 5132 scripta

316 5181 446 5274 quando
471 5179 650 5260 composita
677 5164 755 5254 sint,
781 5162 858 5240 neu*
874 5180 1074 5256 compertum
1101 5173 1249 5240 babetur.

355 5304 515 5389 Catalogis
532 5311 675 5368 aeterum
700 5301 740 5365 de
759 5298 851 5362 libris
871 5296 1005 5361 loannis
1021 5296 1107 5361 Scoti
1120 5297 1311 5377 scriptorum
1326 5298 1354 5361 81
1367 5297 1444 5362 fides
1464 5297 1610 5363 habenda
1629 5306 1695 5378 ost,
1708 5299 1850 5380 plurima
1872 5290 1938 5370 ejus

317 5428 434 5510 scripta
447 5427 684 5503 desiderantur,
695 5422 936 5504 autdeperdita,
947 5429 1002 5485 aut
1017 5424 1050 5484 in
1071 5423 1280 5488 bibliothecis
1291 5422 1525 5487 delitescentia.
1541 5423 1589 5487 lla
1604 5424 1754 5503 catalogis
1765 5421 1865 5501 igilur
1875 5428 1936 5477 eos,

316 5543 905 5639 881181881881188818111818888818
920 5542 1002 5606 infra
1013 5541 1170 5610 impressa
1179 5549 1476 5623 uon1reccnsentur,
1484 5542 1545 5607 hoc
1558 5542 1629 5606 loco
1643 5538 1825 5605 adscribere
1841 5528 1934 5594 lubet·

356 5666 546 5732 Vincentius
561 5664 794 5731 Bellovaconsis
808 5664 850 5745 (nc
869 5662 957 5743 1261)
973 5662 1005 5726 18
1019 5662 1152 5743 Speculo
1168 5660 1329 5725 historiali
1343 5660 1400 5724 lib.
1417 5661 1506 5722 XXV
1520 5678 1588 5740 cap.
1610 5660 1660 5734 12,
1679 5656 1740 5722 ho'c
1759 5641 1852 5718 titulo
1871 5668 1879 5709 r
1897 5641 1936 5703 lle

316 5797 447 5881 imperio
464 5798 575 5863 Caroli
592 5800 682 5864 Celei
698 5807 724 5862 et
738 5798 866 5882 scriptis
880 5795 1014 5859 1888818
1023 5794 1120 5870 Serti,
1133 5791 1262 5857 tradidit
1278 5790 1392 5855 haecce
1411 5813 1419 5854 ε
1435 5791 1501 5853 Ner
1513 5798 1648 5870 tempere
1667 5784 1785 5851 claruit
1802 5782 1930 5843 188888
