4167 6625
319 577 328 594 .
804 493 1018 557 PROOEMIUM.
1666 509 1716 552 xur

92 638 172 702 liber
183 638 304 718 primus
320 644 347 698 et
358 636 399 715 11
422 635 523 699 remis.
547 634 634 697 Fecit
651 632 732 696 mim
744 632 826 696 idem
849 633 986 694 loannes
1004 628 1141 693 l'iihros
1158 627 1195 691 de
1207 628 1348 692 Naturae
1362 627 1540 704 Diuisione,
1557 628 1717 693 obscuris·

93 770 187 834 rimor
203 776 231 832 et
242 776 331 832 conte
341 766 496 849 legendos.

134 899 214 976 112.
230 899 303 962 Duo
320 897 400 961 baec
414 913 512 976 opera
537 895 743 976 systematica
769 912 843 958 oum
867 896 993 973 integra
1020 893 1196 973 supersint,
1214 893 1302 956 tertii
1328 892 1369 956 de
1383 908 1507 972 epreeru
1532 896 1560 953 et
1577 908 1721 972 repremit

94 1029 215 1091 animm
227 1025 269 1089 od
286 1027 382 1090 Deum
399 1044 532 1108 parvum
551 1033 674 1091 1111111
691 1026 907 1106 fragmentum
925 1032 1039 1089 exstat.
1055 1026 1116 1088 Sed
1131 1025 1160 1088 is
1172 1025 1254 1089 liber
1271 1026 1395 1105 integer
1407 1023 1485 1088 olim
1501 1023 1720 1103 reperiebatur

97 1159 132 1222 in
152 1158 345 1223 bibliotheca
361 1158 529 1223 Eiectorali
561 1159 764 1231 Treverensi,
782 1163 817 1220 ut
844 1163 978 1220 testatur
995 1157 1033 1219 G.
1050 1147 1091 1219 de'
1115 1155 1339 1231 Northausen,
1356 1157 1404 1220 vir
1417 1158 1531 1224 (111111
1544 1204 1553 1235 ,
1566 1161 1624 1240 qui
1640 1178 1668 1225 c.
1687 1178 1717 1225 a.

98 1286 177 1350 teat
205 1286 330 1351 cedices
349 1307 441 1366 mss„
456 1289 576 1370 quibus
602 1288 795 1352 bibliotheca
822 1287 976 1351 Vaticana
1002 1287 1265 1367 locupletaretur,
1291 1287 1325 1349 11
1353 1288 1522 1352 Germania
1539 1286 1719 1366 colligebat.

96 1416 128 1477 ls
152 1414 251 1495 igitur
275 1417 310 1481 11
337 1422 446 1486 codice
470 1439 531 1485 ms.
556 1420 773 1484 Vallieellensi
800 1419 835 1483 C.
861 1418 922 1495 28,
939 1419 992 1482 cui
1010 1419 1123 1482 titulus
1137 1437 1144 1477 :
1160 1416 1262 1480 ludeo
1279 1416 1492 1493 uoluminum,
1510 1419 1566 1502 qni
1587 1401 1723 1499 tempore

96 1544 240 1610 Caesarei
269 1550 402 1615 Burouii
417 1553 451 1615 in
466 1552 566 1616 curiis
594 1550 789 1614 bibliothecis
817 1550 929 1611 Romae
947 1556 974 1610 et
991 1548 1069 1612 olibi
1086 1555 1305 1622 asserventur,
1321 1566 1353 1629 1.
1374 1547 1527 1612 19111111
1550 1545 1722 1610 memoriae

101 1677 251 1741 tradidit:
268 1679 409 1757 Codices,
423 1682 552 1762 inquit,
576 1700 649 1744 mss.
675 1680 905 1754 membranacei,
922 1696 1000 1759 quoe
1014 1698 1029 1739 e
1044 1677 1167 1740 cumulo
1196 1678 1353 1740 librorum
1378 1675 1520 1740 ecciesiae
1535 1675 1724 1757 Metropoli-

99 1810 190 1869 tnnae
217 1811 414 1873 Treuerensis
426 1829 473 1873 me
486 1808 601 1873 uidisse
626 1811 751 1873 memini
764 1854 773 1886 ,
788 1810 821 1872 hi
848 1817 934 1873 sunt.
963 1809 1116 1889 Sequitur
1132 1808 1318 1886 catalogus,
1333 1809 1366 1870 in
1384 1824 1449 1890 quo
1467 1807 1528 1871 sub
1544 1818 1577 1870 1ο
1593 1807 1723 1870 111111

97 1934 272 2018 leguntur:
288 1940 423 2002 ioannis
436 1938 522 2002 Secti
535 1939 754 2016 Benedictini,
771 1940 826 2022 qui
839 1941 905 2022 suit
924 1960 1005 2006 unns
1018 1961 1057 2003 ecc
1076 1948 1227 2021 quattuor
1240 1941 1357 2022 prioris
1370 1939 1594 2023 fundatoribus
1607 1937 1719 2001 acarde-

98 2066 179 2129 mioe
196 2068 405 2146 Paririeneie,
420 2089 527 2151 opus«
547 2069 584 2132 de
607 2089 728 2151 egressu
747 2079 775 2133 et
796 2090 939 2152 represso
953 2074 1074 2134 animae
1087 2070 1128 2133 ad
1137 2075 1233 2134 lirum
1252 2095 1267 2130 u
1283 2072 1366 2152 stylo
1381 2071 1533 2152 scriptum
1547 2070 1723 2133 Platonico.

101 2191 196 2267 Quod
209 2192 282 2255 iicet
295 2161 523 2275 errore-ulique
542 2195 626 2256 circu
647 2195 695 2256 Ss.
724 2194 930 2267 Trinitatem,
945 2203 983 2254 ut
1002 2195 1181 2256 Aleaander
1194 2194 1342 2256 Holensis
1358 2202 1386 2256 et
1405 2196 1464 2257 olii
1478 2205 1552 2276 post
1575 2217 1642 2259 mm
1665 2198 1726 2260 do-

102 2332 205 2385 ctores
222 2322 417 2405 Gpmnoetioi
426 2330 548 2398 notant,
558 2324 731 2405 inspersum
747 2326 801 2400 sit,
814 2326 933 2388 seruari
947 2331 1046 2387 tomen
1068 2334 1171 2406 potest
1182 2327 1216 2387 in
1229 2344 1320 2387 usum
1336 2323 1585 2404 Theoiopornm,
1602 2326 1725 2408 quondo

99 2455 141 2519 od
167 2455 339 2537 pleniorem
355 2455 619 2520 Scbolaetieornm
637 2457 826 2520 intellectum
844 2466 982 2520 erratum
996 2458 1156 2521 Senticam
1171 2458 1205 2521 iu
1229 2458 1299 2536 ipsa
1326 2454 1518 2534 scaturigine
1537 2456 1648 2520 nollent
1679 2459 1727 2520 in·

101 2584 229 2664 spicere.
248 2586 397 2649 Treueris
421 2587 562 2651 codicem
596 2587 711 2651 frustra
731 2588 800 2667 ipse
820 2588 979 2669 quaesivi.
1007 2588 1216 2652 Mabillonius
1242 2588 1340 2668 hujus
1374 2587 1448 2651 libri
1479 2584 1621 2653 codicem
1648 2587 1728 2653 vidit

101 2707 389 2774 Claromiscensem
414 2727 514 2791 prope
541 2710 846 2793 hadamaropeiim,
874 2729 970 2792 quem
995 2711 1165 2792 deser-ipsit
1194 2715 1264 2775 Act.
1291 2712 1368 2776 Ord.
1387 2714 1426 2782 S..
1443 2714 1563 2781 Beued
1580 2719 1649 2782 Sec.
1671 2717 1726 2783 lll.

102 2839 137 2902 Ρ.
164 2838 205 2901 ll.
235 2857 266 2919 p.
284 2839 396 2902 val.
424 2838 537 2920 Neque
564 2838 616 2904 hie
645 2842 748 2904 codex
778 2859 949 2922 superesse
977 2845 1117 2908 videtur.
1134 2846 1269 2909 Parvum
1297 2848 1407 2927 itaque
1423 2845 1637 2927 fragmentum
1655 2847 1728 2912 libri

101 2967 191 3032 illius
209 2988 227 3033 1
251 2967 361 3033 codice
385 2969 511 3034 collect.
536 2971 826 3048 1111111111,
845 2973 887 3049 tp,
903 2973 1118 3040 bibliothecae
1132 2975 1331 3039 Christianae
1342 2980 1469 3040 erutum
1480 2989 1581 3056 quum
1598 2976 1729 3042 Carolus

103 3101 213 3165 Greitb
241 3100 274 3164 in
301 3100 471 3181 Spicilepio
502 3099 648 3163 Vaticano
663 3101 863 3185 Frouenseid,
893 3104 982 3177 1838,
994 3121 1030 3184 1.
1054 3104 1095 3166 81)
1124 3120 1196 3185 sqq.
1226 3104 1383 3180 ediderit,
1409 3104 1491 3169 illud
1520 3107 1561 3172 ad
1585 3108 1729 3190 ejusdem

104 3228 228 3293 codicis
245 3227 340 3290 iidem
355 3229 462 3292 denuo
476 3231 675 3309 recognitum
691 3232 758 3312 jam
780 3231 833 3294 bic
851 3231 1054 3296 exhibemus.
1077 3235 1187 3297 Exstat
1215 3250 1290 3297 vero
1324 3233 1358 3297 in
1383 3234 1481 3316 huius
1496 3237 1616 3305 codicis
1630 3257 1729 3307 mem·

102 3361 203 3424 brana
221 3376 304 3423 nona
320 3357 502 3440 perpulchri
516 3358 678 3435 candoris,
696 3378 793 3425 manu
806 3362 907 3426 seculi
924 3364 966 3427 x.
985 3373 1163 3431 exaratum.
1223 3362 1226 3373 '

144 3492 222 3568 113.
241 3491 309 3555 ium
326 3490 366 3554 de
382 3490 575 3553 versionibus
593 3491 726 3556 loannis
744 3493 827 3557 Scoti
853 3494 1025 3560 dicendum
1049 3505 1108 3561 est.
1136 3500 1212 3563 Nam
1230 3497 1314 3565 haud
1330 3518 1430 3582 pauca
1444 3500 1479 3564 in
1493 3500 1643 3566 Latinum
1659 3518 1729 3566 ser·

103 3637 234 3686 utonem
248 3621 406 3686 convertit
423 3620 539 3701 scripta
570 3629 713 3686 ueterum
741 3624 949 3689 Graecorum.
969 3627 1014 3689 Ex
1030 3627 1151 3707 quibus
1166 3630 1336 3696 maximam
1349 3630 1445 3696 111111
1460 3633 1601 3697 obtinuit
1612 3633 1729 3699 famam

100 3750 208 3813 versio
235 3750 289 3812 illa
320 3767 448 3828 operum
474 3748 505 3810 S.
525 3749 671 3830 Dionysii
703 3753 922 3834 Areopagitae.
954 3757 1100 3831 Quorum
1119 3758 1274 3824 Graecum
1305 3762 1468 3842 exemplar
1493 3780 1566 3828 eum
1595 3764 1729 3832 Michael

101 3876 222 3940 Balbus
248 3876 420 3956 imperator
438 3878 600 3944 ludovice
629 3882 685 3945 Pio
717 3901 747 3946 a.
774 3883 938 3950 1111111
968 3888 1291 3967 dedisset,ioaunes
1322 3893 1436 3957 Senius
1465 3892 1599 3972 iubente
1617 3894 1730 3961 Carolo

101 4006 202 4072 Calvo
224 4009 367 4075 instituit
382 4013 564 4076 versionem
593 4015 632 4078 ad
660 4018 794 4080 verbum
824 4018 960 4097 iactam,
976 4021 1033 4085 sed
1062 4023 1231 4088 obscurum
1248 4029 1279 4087 11
1306 4024 1343 4087 orl
1376 4023 1620 4104 iutelligendum
1647 4025 1729 4090 dilli-

103 4139 273 4204 cillimam.
303 4144 419 4210 Melior
448 4162 525 4208 vero
555 4164 592 4211 ae
620 4147 744 4227 planior
758 4169 860 4232 quum
886 4153 1034 4229 deesset,
1053 4156 1159 4220 versio
1174 4157 1308 4221 ioannis
1327 4158 1412 4221 Sooti
1432 4156 1603 4238 permulta
1620 4159 1729 4224 secula

103 4264 187 4329 lecta
205 4272 318 4342 est,et
346 4266 618 4346 amplissimorum
646 4271 745 4333 medii
772 4273 843 4336 aevi
863 4273 1085 4354 theologorum
1104 4282 1345 4344 commentariis
1373 4283 1544 4353 illustrata.
1561 4289 1649 4353 Unde
1676 4290 1730 4365 lit,

101 4398 139 4454 ut
155 4408 225 4454 eam
254 4393 288 4454 in
316 4391 521 4459 bibliothecis
536 4396 682 4461 codicum
712 4416 789 4462 mss.
808 4399 969 4481 hodieque
988 4404 1101 4467 crebro
1116 4406 1275 4471 invenias.
1291 4411 1338 4471 Ex
1355 4411 1520 4477 codicibus
1537 4432 1633 4491 vore,
1649 4434 1731 4497 quos

101 4521 232 4597 evolvi,
255 4523 394 4603 primum
419 4524 524 4588 locum
553 4527 677 4591 obtinet
705 4530 776 4593 ood.
806 4531 997 4596 Emmeram.
1026 4535 1062 4599 B.
1091 4535 1212 4611 XLIV,
1231 4535 1311 4612 111,
1331 4537 1428 4603 bodie
1457 4541 1631 4622 insignitus
1659 4544 1730 4609 ced.

100 4651 225 4715 ltatisb.
258 4652 289 4716 S.
320 4656 516 4723 Emmeram.
543 4660 623 4736 131,
639 4661 853 4729 bibliothecae
880 4667 999 4748 Regiae
1027 4669 1253 4746 Monacensis,
1272 4670 1447 4736 membran.
1462 4718 1471 4750 ,
1486 4670 1565 4750 iel.,
1583 4675 1729 4740 seculiX

102 4781 268 4859 exeuntis,
284 4793 409 4848 constat
435 4787 524 4852 iuliis
553 4792 621 4854 113.
653 4793 753 4857 Tituli
782 4803 813 4859 et
830 4796 974 4863 initiales
990 4800 1204 4879 capitulorum
1220 4810 1297 4867 sunt
1316 4804 1452 4870 miniati.
1469 4805 1565 4871 lnitio
1584 4808 1731 4890 singulo·

100 4928 177 4974 rum
206 4912 362 4978 librorum
403 4918 544 4985 initiales
571 4941 687 4987 aureae
716 4927 925 5008 perpulchrae
957 4930 1074 4995 111111.
1101 4932 1293 4997 continetur
1316 4951 1355 4998 ee
1383 4933 1453 4998 sola
1477 4937 1578 5001 neruo
1607 4957 1732 5021 opernm

100 5035 394 5122 Prendo-Dionysii.
423 5044 531 5111 Codex
566 5050 764 5119 nitidissime
804 5058 874 5139 ipsa
913 5077 1011 5127 manu
1049 5062 1197 5128 Othlonis
1227 5065 1421 5145 perillustris
1449 5067 1733 5139 semmurensi

102 5171 252 5234 monachi
266 5174 507 5254 ltatispeueusis
524 5180 663 5262 scriptus
681 5190 742 5261 est,
756 5187 849 5268 cuius
864 5205 978 5255 versus
993 5192 1030 5254 in
1046 5196 1110 5257 line
1127 5192 1348 5272 reteguntur:

482 5367 523 5424 lin
535 5384 586 5440 ego
601 5372 724 5431 tantillos
734 5372 813 5432 0tleh
827 5377 909 5450 volgo
921 5380 1066 5446 vocitatus,

479 5436 606 5506 Quamvis
618 5443 769 5515 omnigenis
782 5459 925 5516 corruptus
939 5453 992 5506 sim
1005 5449 1159 5506 malefactis

480 5507 529 5563 Sat
540 5517 629 5566 111111
647 5513 720 5569 istud
737 5529 804 5587 epos
817 5517 953 5575 scribendi
968 5529 1044 5574 tuum
1060 5519 1108 5576 tibi
1124 5532 1275 5595 promptos,

478 5576 577 5635 Sancte
589 5581 710 5654 Dionysi,
727 5593 830 5658 martyr
844 5587 1021 5644 celeberrime
1034 5588 1136 5646 Christi
1151 5609 1158 5645 z

473 5646 551 5702 Unde
564 5651 616 5705 mei
631 5666 732 5722 quaeso
748 5656 874 5724 precibus
891 5661 977 5713 sacris
991 5671 1179 5729 memoresto,

472 5717 527 5774 los
538 5734 645 5790 quoqne
658 5723 705 5793 qui
719 5724 808 5796 legitis
824 5728 931 5783 reniam
944 5729 1009 5785 mihi
1024 5743 1106 5801 11111
1117 5733 1219 5802 petatis

105 5864 210 5930 Gratia
231 5868 397 5948 regiminis
416 5875 518 5938 nostri
537 5876 681 5944 codicem
693 5883 839 5953 Bonnam
858 5891 952 5958 nobis
971 5895 1107 5961 missum
1127 5899 1298 5980 diligenter
1317 5906 1469 5967 excutere
1487 5901 1590 5969 licuit.
