4167 6625
783 356 893 416 ⁹³5
2157 353 2438 411 JOANNlS
2474 348 2670 411 scoTt
3941 353 4053 412 ⁸⁶6

779 471 894 529 litia
940 470 1112 544 possit
1149 470 1262 526 lieri
1321 493 1330 504 ·
1376 477 1630 540 perpetua
1677 475 1732 523 et
1776 466 2004 523 bonitati
2046 480 2355 527 coaeterna.
2386 474 2434 534 Λ
2462 468 2586 524 liter
2609 467 2662 523 in
2700 467 2935 538 quadam
2960 476 3134 538 parte,
3181 467 3262 523 vei
3293 467 3345 523 in
3374 467 3418 501 ¹⁸
3446 474 3559 525 toto
3598 465 3767 536 hujus
3803 467 4053 523 visibitis

783 562 1040 617 Similiter
1059 561 1126 617 de
1149 569 1318 616 morte
1340 569 1395 615 et
1419 559 1633 615 miseria
1662 557 2085 628 intelligendum,
2117 575 2187 615 ne
2216 561 2357 615 vitae
2459 566 2761 622 creaturae,
2787 566 2863 621 et,
2896 566 2956 611 nt
2980 557 3300 628 simpliciter
3322 558 3521 621 dicam,
3543 571 3721 626 neque
3744 558 3902 610 intra
3934 558 4050 611 uai-

779 661 836 708 οι
863 653 1176 708 beatitudini
1212 650 1339 722 quid
1370 651 1698 706 contrarium
1727 658 1897 718 atque
1914 665 2172 705 coaevum
2203 650 2359 706 intel·
2460 648 2773 703 versitatcm
2826 655 2992 701 totins
3035 656 3262 703 naturae
3299 662 3329 701 a
3375 646 3486 702 Deo
3523 647 3782 702 conditae
3833 645 4050 700 suturas

779 743 995 814 ligatur.
1025 740 1193 796 Porro
1219 741 1262 795 si
1296 737 1674 795 universaliter
1700 738 1926 804 malitia,
1959 746 2014 792 et
2045 753 2208 801 mors,
2234 753 2361 792 acu-

779 835 999 901 leusque
1026 830 1164 901 eins,
1187 829 1331 901 quod
1362 838 1445 886 est
1477 837 1780 900 peccatum,
1803 828 2087 900 omnisque
2116 829 2359 893 miseria,

775 926 999 994 insuper
1015 923 1181 978 etiam
1205 920 1531 976 novissimus
1558 920 1826 982 inimicus,
1851 920 2090 990 nequitia
2111 917 2359 973 videlicet

776 1012 1062 1075 diabolica.
1103 1010 1532 1080 universalisque
1575 1009 1854 1079 impietas,
1883 1007 2002 1082 [aut
2045 1008 2157 1077 ipsa
2210 1014 2360 1061 certe

775 1101 947 1173 mors]
973 1110 1016 1169 ¹,
1054 1100 1121 1156 de
1150 1108 1342 1156 natura
1392 1114 1571 1155 rerum
1619 1097 1961 1155 abolebitnrz
1992 1095 2120 1166 qnid
2167 1102 2357 1159 restat,

774 1193 880 1249 nisi
905 1201 967 1248 ut
991 1191 1103 1249 sola
1129 1189 1447 1246 universalis
1471 1197 1721 1245 creatura
1753 1188 1898 1245 omni
1931 1186 2080 1242 faece
2120 1185 2359 1241 malitiae

778 1294 826 1336 vt
853 1281 1147 1352 'antiph-tatis
1161 1288 1407 1348 purgata,
1423 1279 1571 1334 omni
1594 1286 1767 1333 morte
1789 1274 2148 1347 corruptionis
2165 1273 2354 1336 libera,

778 1376 1093 1440 p==·nitus·pi÷:
1119 1368 1361 1424 almailuta
1391 1367 1706 1423 remaneat?
1733 1365 1800 1421 Et
1830 1367 1963 1421 haec
1983 1373 2068 1420 est
2089 1362 2359 1434 generalis

778 1468 1059 1516 uniri-wazu!
1107 1473 1408 1521 fruaturne,
1460 1471 1600 1525 qliae
1645 1470 1676 1509 a
1725 1455 1980 1510 servilnte
2019 1451 2355 1518 liberabitur,

778 1548 1127 1604 resurremus„
1183 1546 1549 1616 [mysticaeque
1592 1550 1791 1608 terrae,
1818 1550 2041 1595 naturae
2088 1538 2355 1602 videlicet,

782 1643 1055 1693 naun-am·
1083 1641 1115 1689 ³⁹².
1151 1641 1219 1689 [le
1251 1648 1353 1701 qna
1386 1631 1652 1703 Propheta
1672 1629 1974 1702 praedixit:
2004 1628 2224 1699 Auferes
2246 1629 2357 1698 spi-

778 1733 930 1777 rirum
950 1745 1151 1781 carina.
1167 1737 1211 1777 af
1235 1721 1492 1791 inficient,
1509 1731 1557 1775 et
1578 1721 1631 1774 in
1646 1721 1908 1791 pulverem
1928 1735 2080 1773 suum
2102 1726 2357 1773 reverten-

2460 755 2581 809 esse
2606 740 2916 804 credimusg
2950 747 3005 793 et
3033 754 3208 809 neque
3234 753 3378 794 nune
3409 754 3548 803 esse,
3582 745 3640 794 et
3661 753 3970 807 ntrsquarn,
3998 747 4046 793 et

2460 846 2759 902 nunquam,
2782 830 2875 886 sed
2898 831 2950 884 in
2978 830 3243 886 malarum
3267 830 3601 885 voluntatum
3627 836 4044 900 cormptamn-

2457 935 2563 990 que
2617 919 3069 974 conscientiarum
3128 920 3400 988 perversis
3449 919 3728 982 motibus,
3783 917 4041 986 tarvhque

2457 1009 2790 1079 poenitentia
2816 1019 2871 1066 et
2891 1008 3247 1074 infructuosa,
3281 1007 3440 1077 inque
3469 1020 3771 1077 perversae
3809 1014 4038 1075 potesta-

2457 1094 2527 1152 tis
2556 1097 2866 1153 omnimoda
2892 1096 3269 1158 subversione.
3307 1095 3422 1149 sive
3466 1094 3535 1148 ab
3564 1093 3613 1126 ¹⁸
3657 1095 3909 1149 humana
3931 1094 4035 1147 sive

2456 1187 2697 1256 angelica
2729 1196 2997 1242 creatura.
3031 1185 3379 1241 snbvertitnr
3401 1193 3608 1249 autem,
3637 1184 3793 1253 quod
3825 1185 4037 1237 omnim

2455 1277 2807 1348 extinguitur.
2870 1276 3233 1345 Extingnetur
3293 1274 3519 1330 omnino
3580 1274 3768 1329 omnis
3815 1273 4035 1328 facultas

2454 1366 2757 1437 peccandi,
2806 1364 3224 1428 malefaciendi,
3273 1363 3434 1432 impie
3483 1362 3700 1432 agendi.
3755 1361 4036 1416 facultate

2455 1464 2635 1511 autem
2669 1456 2834 1510 totius
2868 1454 3109 1509 malitiae
3134 1453 3349 1522 penitus
3377 1452 3686 1515 subtracta,
3713 1466 3880 1507 noane
3911 1451 4031 1505 sola

2454 1548 2698 1613 occasio,
2752 1560 3006 1617 perversa
3070 1544 3321 1599 videlicet
3384 1541 3641 1598 voluntas
3663 1582 3682 1606 ,
3747 1541 4032 1596 reusam-,bit

2454 1638 2621 1694 veluti
2688 1636 2971 1694 extincta?
3054 1634 3128 1691 Ut
3194 1635 3340 1689 enim
3408 1631 3541 1702 fides
3607 1635 3730 1687 sine
3811 1633 4034 1701 operibus

2458 1738 2665 1783 mortua
2708 1737 2822 1794 σας
2849 1727 2968 1782 silet
2992 1726 3135 1781 enim
3165 1724 3210 1758 ¹⁸
3239 1742 3253 1778 τ
3285 1724 3356 1779 ita
3379 1732 3664 1794 peccatum
3697 1724 4033 1792 absquepos-

778 1829 846 1865 lm
878 1837 890 1873 ,-
922 1817 1119 1865 maists-s
1135 1817 1373 1877 apsis-isam
1397 1808 1974 1876 tuum,etcreabun!ur,
2002 1816 2048 1861 et
2084 1806 2352 1861 renovabis
2384 1805 2427 1865 B
2455 1816 2714 1873 sibilitate
2749 1815 3043 1884 peccandi,
3088 1823 3145 1869 et
3174 1813 3381 1868 malitia
3409 1813 3621 1882 absque
3651 1810 3949 1868 maleficio.
3986 1819 4032 1865 et

772 1909 959 1973 {aciem
994 1914 1181 1958 terrae.
1227 1901 1329 1969 Qut
1359 1900 1523 1956 etiam
1561 1899 1749 1955 laetari
1789 1899 2068 1954 Dominum
2096 1900 2151 1953 in
2180 1897 2347 1968 operi-

773 1996 868 2048 bus
891 1996 1001 2049 suis
1029 1994 1178 2058 dicit,
1202 1992 1559 2063 deficientibus
1582 1990 1936 2062 peccatoribus
1955 2007 1989 2044 a
2013 2001 2153 2045 terra
2172 1998 2221 2045 et
2242 1989 2348 2044 ini·

771 2087 912 2154 quis,
939 2086 1015 2139 ita
1040 2094 1095 2139 ut
1120 2100 1221 2139 non
1242 2082 1660 2151 sint.Quomodo
1684 2082 1827 2138 enim
1849 2080 1971 2153 quis
1997 2096 2064 2137 ex
2090 2079 2350 2152 peccato⁸

775 2174 1162 2240 nominabitur,
1202 2181 1423 2244 peccato
1479 2188 1583 2229 non
1629 2173 1924 2239 exis·ente;
1963 2179 2060 2227 aut
2101 2170 2347 2241 iniquus,

771 2264 1058 2336 iniquitate
1084 2265 1396 2321 destructa?
1426 2265 1578 2321 Sicut
1602 2265 1679 2320 ait
1710 2265 1848 2320 idem
1874 2263 2144 2334 Propheta
2178 2281 2192 2317 t
2225 2261 2350 2319 Nou

769 2364 1040 2427 resument
1067 2354 1212 2425 impii
1260 2355 1315 2409 in
1343 2355 1570 2425 judicio.
1614 2352 1749 2408 Nam
1798 2356 2011 2424 quando
2043 2352 2352 2408 humanitas

770 2445 825 2499 in
878 2445 1278 2500 resurrectione
1317 2444 1733 2508 restaurabitur,
1781 2444 1926 2498 omni
1974 2443 2249 2513 impietate
2294 2451 2351 2498 et

769 2531 976 2588 malitia
998 2540 1054 2588 et
1079 2541 1252 2589 morte
1277 2532 1604 2588 absolvetur.
1634 2533 1833 2606 Q·
1861 2533 1962 2588 hoc
1996 2547 2173 2601 neque
2197 2533 2346 2597 mali,

768 2621 1133 2694 nequeimpii.
1148 2634 1463 2695 resurgent3
1494 2622 1608 2679 sola
1647 2621 1912 2694 siqnidffln
1950 2631 2138 2678 natura
2172 2637 2351 2678 resur-

767 2721 857 2783 get
894 2713 941 2778 ⁸,
984 2711 1233 2782 impietas
1266 2727 1395 2769 vero
1425 2721 1482 2769 et
1513 2713 1715 2768 malitia
1753 2722 1971 2769 aeterna
2007 2712 2352 2768 damnatione

767 2800 1039 2870 peribunt.
1071 2799 1218 2856 Dtsc.
1244 2799 1376 2868 Quis
1395 2810 1481 2856 est
1498 2816 1626 2874 ergo
1648 2801 1737 2856 ille
1754 2809 2008 2856 aeternus
2026 2800 2187 2871 ignis,
2207 2802 2351 2869 quod

766 2888 1112 2960 supplicium,
1159 2876 1464 2959 ardensque
1510 2889 1789 2961 sulphurei
1833 2889 1856 2922 ⁸
1901 2897 2150 2960 stagnum
2180 2887 2350 2957 ignis,

768 2979 971 3033 vermis
1011 2994 1230 3050 quoque
1272 2994 1384 3036 nou
1419 2980 1678 3045 moriens,
1724 2990 2015 3050 ceteraque
2061 2986 2349 3044 tormenta,

765 3081 905 3134 quae
930 3068 1110 3123 divina
1149 3069 1363 3140 eloquia
1406 3068 1620 3125 diabolo
1654 3069 2012 3140 omnibusque
2036 3066 2153 3136 ejus
2181 3082 2351 3123 mem-

2448 1906 2697 1976 impietas
2725 1906 2930 1975 absque
2968 1903 3234 1959 idolorum
3265 1903 3432 1959 cultu.
3474 1902 3753 1970 Quamvis
3800 1903 3941 1957 enim
3981 1903 4026 1954 in

2446 1997 2719 2067 perversis
2744 1995 3111 2052 voluntatibus
3131 2009 3386 2066 perverse
3410 1994 3611 2064 agendi
3652 1995 3935 2064 appetitus
3957 2008 4028 2045 ar·

2447 2086 2651 2156 dorque
2674 2100 2890 2155 semper
2913 2085 3294 2156 permanserit,
3343 2085 3603 2154 quoniam
3653 2083 3815 2153 quod
3843 2085 4023 2153 appeti-

2450 2183 2558 2240 tur,
2587 2174 2770 2243 pertici
2795 2188 2898 2228 non
2929 2173 3212 2238 sinitur,et
3235 2174 3290 2227 in
3312 2173 3477 2239 nullo,
3500 2173 3610 2228 nisi
3640 2173 3702 2227 in
3728 2173 4025 2241 semetipoe,

2450 2263 2665 2318 flamma
2694 2263 2988 2319 malevolae
3010 2263 3323 2333 cupiditatis
3367 2264 3524 2320 ardet
3557 2282 3572 2318 :
3605 2264 3754 2333 quid
3802 2263 4021 2317 aliudre·

2449 2356 2730 2426 linquitur,
2750 2355 2849 2410 nisi
2876 2353 3073 2410 foetida
3096 2353 3544 2418 cadavera,omni
3570 2354 3733 2409 vitali
3758 2355 4021 2418 mot-innoc

2449 2453 2715 2508 est,omm
2737 2443 3061 2498 naturalium
3083 2445 3347 2499 bonorum
3375 2443 3579 2498 virtute
3600 2455 3781 2512 atque
3802 2444 4019 2498 substan·

2450 2533 2522 2587 tia
2552 2532 2797 2602 privata?
2848 2531 2915 2587 Et
2954 2531 3207 2588 fortassis
3262 2533 3399 2589 tales
3420 2541 3550 2589 sunt
3579 2533 3904 2603 gravissimi
3930 2550 4023 2587 cm-

2450 2623 2626 2677 ciatus
2667 2621 2931 2677 malornm
2985 2623 3262 2678 bominum
3308 2630 3366 2678 et
3414 2622 3772 2692 angelorum,
3821 2634 3876 2678 et
3918 2634 4019 2677 aste

2443 2713 2705 2784 judicium
2729 2711 2990 2779 futurum,
3018 2719 3072 2767 et
3097 2721 3239 2783 post,
3265 2712 3648 2768 malefaciendi
3675 2715 4020 2784 cupiditaset

2450 2800 2762 2872 perficiendi
2789 2799 3090 2858 difficultas.
3124 2802 3277 2870 Quod
3305 2811 3489 2858 autem
3516 2817 3629 2858 non
3666 2805 3723 2858 iu
3768 2804 4021 2860 localibus

2451 2891 2642 2963 spatiis
2671 2890 3110 2962 corporalibusve
3130 2892 3442 2948 carceribus
3461 2893 3707 2948 diabolus
3721 2907 3844 2947 mm
3863 2908 4019 2947 mem-

2449 2979 2565 3036 bris
2623 2981 2738 3037 suis
2788 2980 3042 3050 punietur
3063 3020 3079 3046 ,
3128 2982 3225 3037 sed
3286 2983 3661 3052 unusquisque
3712 2982 3856 3038 iutra
3900 2997 4018 3036 suae

2453 3069 2629 3124 malae
2654 3067 2944 3124 voluntatis
2965 3067 3224 3124 terminos
3247 3083 3452 3139 poenas
3499 3070 3635 3135 luet,
3666 3071 3864 3126 beatus
3902 3072 4013 3125 Ani·

767 3158 882 3213 bris
912 3158 1090 3214 sutura
1115 3175 1236 3217 esse
1253 3161 1639 3230 pronuntiant?
1665 3160 1722 3216 Si
1742 3161 2034 3217 secundum
2062 3159 2343 3214 historiam
2372 3152 2417 3215 C
2449 3157 2662 3213 brosius
2697 3158 2751 3212 in
2789 3158 3123 3227 expositione
3146 3157 3199 3214 ln
3227 3157 3427 3214 Lucam
3452 3160 3747 3215 uianil'cste
3774 3161 4015 3222 declar-at,

768 3258 1059 3318 rerumque
1083 3248 1374 3305 visibilium
1405 3252 1786 3323 proprietatem
1811 3259 2067 3322 putantur
2093 3249 2227 3316 sore,
2251 3264 2347 3304 ne-

765 3338 1005 3393 cessario
1035 3338 1091 3393 in
1120 3338 1299 3409 aliqua
1328 3348 1479 3410 parte
1513 3341 1695 3396 mundi
1723 3343 1993 3398 sensibilis
2018 3341 2346 3398 sensibiliter

764 3436 946 3484 erunt.
1001 3429 1070 3485 Et
1109 3430 1157 3486 si
1211 3430 1286 3485 ita
1313 3438 1398 3485 est
1421 3438 1468 3497 v,
1503 3431 1734 3486 mundus
1773 3433 1876 3489 istc
1916 3442 2010 3487 aut
2061 3441 2207 3488 totus
2252 3440 2347 3488 aut

765 3516 944 3587 aliqua
972 3532 1102 3587 pars
1125 3517 1244 3587 elus
1266 3520 1651 3586 reservabitur,
1681 3521 1732 3576 in
1764 3536 1869 3590 qua
1909 3522 2197 3577 damnandi
2222 3536 2344 3592 per·

765 3615 930 3678 petuo
958 3606 1376 3663 damnabuntur.
1427 3608 1778 3683 AQioc
1808 3621 1914 3662 non
1945 3607 2188 3664 solvetur
2228 3623 2345 3664 om·

765 3701 920 3768 nino,
947 3714 1126 3771 neque
1150 3701 1638 3768 consummabitur,
1663 3702 1765 3757 hoc
1786 3709 1890 3767 est,
1921 3700 1973 3757 in
2002 3715 2196 3757 causas
2219 3716 2346 3759 snas

761 3803 874 3845 non
918 3802 1235 3846 reversurus
1277 3797 1362 3847 est
1404 3787 1453 3856 ⁸,
1503 3790 1720 3859 qnando
1753 3789 1892 3845 Deus
1921 3790 2097 3846 omnin
2129 3791 2185 3846 in
2228 3805 2344 3845 om-

764 3878 917 3934 nibus
940 3879 1061 3934 erit.
1112 3877 1230 3949 lpsa
1257 3887 1344 3934 est
1367 3879 1509 3935 enim
1529 3888 1572 3945 ⁰,
1601 3887 1660 3933 nt
1684 3878 2067 3950 praediximus,
2094 3893 2346 3935 consum-

765 3966 935 4023 matio
959 3968 1168 4034 mundi,
1204 3976 1259 4023 et
1295 3982 1401 4023 non
1432 3967 1558 4035 alia,
1593 3969 1761 4023 Delum
1790 3970 1969 4023 omnia
2009 3968 2054 4002 ¹⁸
2083 3969 2136 4025 in
2171 3970 2347 4026 omni·

765 4054 868 4111 bus
911 4070 1051 4111 esse.
1100 4056 1167 4112 Et
1190 4057 1335 4126 quod
1375 4066 1459 4113 est
1511 4058 1750 4128 gravlus,
1802 4058 1933 4128 quid
1978 4059 2255 4130 punietur,
2298 4059 2343 4116 si

766 4145 971 4202 nullum
1002 4149 1043 4180 ¹¹
1068 4147 1421 4205 substantiale
1441 4149 1761 4217 subjectum.
1788 4151 1931 4220 quod
1955 4152 2129 4221 puniri
2152 4154 2341 4223 possit,

767 4235 914 4291 nullo
939 4236 983 4276 ¹¹
1008 4235 1168 4292 modo
1208 4238 1568 4294 remanserit?
1605 4237 1777 4295 Porro
1822 4242 1869 4295 si
1914 4246 2056 4297 totus
2093 4242 2343 4310 mundus,

767 4327 1257 4400 universaliterque
1274 4334 1389 4384 tota
1409 4337 1685 4396 creatura,
1710 4344 1849 4401 qnae
1875 4345 1905 4385 a
1938 4331 2048 4386 Deo
2072 4329 2214 4387 lacta
2236 4341 2346 4399 est,

2446 3247 2596 3303 illum
2627 3247 2802 3303 locum
2830 3247 3100 3320 Evangelii
3124 3263 3431 3321 exponens:
3463 3249 3696 3305 Tovem
3713 3251 3949 3304 monibus
3970 3263 4012 3304 ee

2443 3339 2661 3410 pedibus
2687 3340 2877 3411 ligatus
2899 3342 2966 3406 ¹⁸,
2992 3352 3041 3395 et
3062 3342 3292 3396 mittetur
3313 3343 3356 3375 ¹⁷
3378 3344 3433 3398 in
3457 3344 3697 3399 tenebras
3728 3346 4009 3406 exteriores,

2444 3435 2554 3492 illie
2585 3438 2681 3492 erit
2707 3438 2860 3507 fletus
2893 3447 2938 3491 et
2959 3436 3155 3491 stridor
3188 3437 3441 3492 dentium.
3469 3437 3623 3504 Quae
3651 3449 3779 3494 sunt
3804 3441 4009 3493 tenebrae

2445 3527 2722 3580 exteriores
2738 3526 2766 3580 .⁹
2784 3522 2839 3578 N
2843 3524 3039 3596 uunquid
3065 3524 3174 3579 mic
3197 3542 3400 3597 quoqne
3429 3542 3615 3581 career
3640 3527 3847 3598 aliquis
3888 3528 4004 3579 taes·

2444 3617 2683 3686 asiaeque
2736 3615 3040 3670 subeundae
3084 3615 3248 3670 sunt?
3291 3616 3530 3671 Minime.
3561 3616 3674 3673 Sed
3702 3634 4004 3688 quaerunque

2442 3716 2592 3761 extra
2612 3703 2869 3776 promissa
2897 3716 3018 3760 sum
3041 3706 3343 3759 caelestium
3389 3707 3802 3771 mandatorum,
3829 3710 3877 3762 in
3899 3719 4003 3760 tese-

2446 3794 2549 3849 bris
2573 3794 2911 3850 exterioribus
2935 3804 3078 3860 sunt,
3110 3795 3234 3865 quia
3262 3795 3516 3850 mandata
3542 3796 3646 3852 Dei
3672 3797 3857 3854 lumea
3878 3808 3998 3853 nat:

2444 3895 2492 3939 et
2517 3885 2809 3955 quicunque
2830 3886 2942 3939 sine
2978 3881 3186 3938 Christo
3228 3893 3323 3949 est,
3369 3887 3426 3939 in
3488 3885 3722 3941 tenebris
3773 3898 3864 3949 ese,
3904 3887 3998 3956 qsis

2446 3969 2619 4028 lumen
2636 3973 2852 4027 interius
2877 3973 3114 4027 Christus
3136 3981 3211 4027 est
3236 3971 3300 4027 ¹⁸.
3325 3972 3467 4044 Ergo
3497 3991 3664 4044 neque
3679 3975 3994 4045 corporum

2446 4065 2640 4120 stridor
2672 4066 2862 4136 aliquis
2893 4066 3158 4130 dentium,
3187 4082 3348 4137 neque
3374 4068 3510 4137 iqnis
3535 4068 3742 4138 aliquis
3761 4080 3995 4139 rerpetsss
4065 4087 4066 4090 ¹

2445 4153 2781 4224 flammarum
2799 4163 2874 4208 est
2900 4154 3271 4225 corporalium,
3290 4173 3452 4224 neque
3478 4159 3670 4212 vermis
3694 4172 3776 4213 ess
3796 4173 3993 4228 eor-pore
4063 4174 4064 4191 ¹

2447 4239 2534 4306 lis,
2554 4241 2645 4296 sed
2672 4242 2797 4296 haec
2818 4241 2956 4308 ideo,
2979 4244 3123 4313 quia,
3152 4243 3284 4297 sicut
3333 4260 3399 4299 ex
3448 4245 3621 4299 malea
3679 4249 3927 4301 cruditate
3955 4254 3990 4296 et
4061 4254 4062 4291 l

2449 4328 2614 4397 febres
2647 4339 2935 4384 nascuntur
2962 4339 3009 4385 et
3034 4346 3244 4395 verines,
3273 4332 3370 4397 ito,
3397 4334 3443 4387 si
3483 4334 3603 4403 qais
3642 4352 3749 4390 non
3780 4337 3987 4402 decoquat
4057 4317 4060 4392 l

764 4421 823 4478 in
851 4428 1102 4478 aeternas
1130 4434 1345 4485 causas,
1376 4419 1430 4474 in
1462 4420 1657 4490 quibus
1701 4421 1964 4488 subsistit,
1999 4437 2107 4477 non
2135 4429 2220 4479 est
2248 4438 2344 4479 re·
2446 4426 2655 4489 peccata
2677 4433 2775 4473 sua
2802 4420 2934 4473 vetut
2956 4420 3184 4490 quadam
3212 4420 3514 4491 interposita
3550 4423 3842 4479 sobrietate
3861 4423 3986 4478 sisti·
4055 4420 4058 4494 A

763 4526 1010 4579 versura,
1041 4518 1154 4568 tota
1185 4512 1361 4568 adhuc
1398 4520 1581 4567 nostra
1609 4511 1950 4569 ratiocinatio
1990 4513 2141 4570 irrita
2183 4515 2340 4586 peni-
2365 4483 2423 4545 D
2447 4509 2673 4576 aeneiae,
2698 4508 2789 4564 sed
2820 4509 3083 4564 miscendo
3105 4520 3315 4579 peccata
3340 4511 3590 4580 peccatis,
3621 4523 3868 4584 tamam
3898 4529 3984 4567 σι-

764 4605 964 4669 tusque
990 4600 1252 4657 dissoluta
1276 4598 1555 4655 residebit.
1594 4597 1735 4656 lits.
1761 4598 1820 4655 ln
1849 4615 2048 4656 vanum
2073 4601 2342 4659 laboravi·

763 4700 907 4753 mus,
933 4687 978 4743 si
1003 4687 1077 4743 ita
1102 4685 1287 4753 tuerit,
1310 4688 1718 4758 sententiaeque
1752 4697 2060 4746 sanctorum
2090 4689 2341 4759 Patrum,

767 4787 906 4843 quas
929 4775 1346 4842 introduximus,
1373 4776 1685 4848 redigentur
1711 4776 1764 4833 in
1793 4778 1984 4846 risum,
2006 4779 2150 4849 quod
2175 4780 2340 4836 absit.

764 4863 914 4918 Diae.
948 4863 1217 4920 Succurre
1249 4866 1462 4935 itaque,
1507 4868 1682 4937 deque
1729 4868 2018 4937 praedictis
2042 4879 2341 4926 tormento·

2446 4599 2659 4654 ditarem
2671 4598 2933 4669 quandam
2957 4600 3228 4653 contrabat
3250 4598 3295 4632 ¹⁸
3311 4610 3539 4655 veterum
3564 4613 3614 4656 et
3642 4606 3906 4657 reteniat
3922 4604 3985 4653 de·

2446 4689 2707 4754 lictorum,
2729 4689 2847 4759 ique
2872 4689 3123 4743 aduretur
3147 4690 3379 4759 proprio,
3406 4699 3454 4744 ct
3482 4692 3594 4746 suis
3619 4693 3867 4747 vermibus
3881 4706 3981 4744 eos·

2448 4788 2702 4834 sumetur.
2736 4776 2885 4832 Unde
2934 4786 2982 4833 et
3019 4776 3192 4833 Isaias
3245 4780 3319 4832 ait
3349 4793 3369 4831 .·
3410 4779 3691 4836 Ambulate
3727 4783 3777 4833 iu
3814 4781 3981 4834 tamine

2446 4870 2584 4940 ignis
2636 4870 2812 4934 vestri,
2838 4877 2886 4923 et
2918 4870 3152 4939 flamma,
3174 4885 3333 4939 quam
3371 4872 3703 4926 accendistis.
3735 4869 3864 4940 ipis
3900 4880 3976 4927 ιε’.

765 4966 890 5008 rum
921 4952 1223 5021 speciebus,
1261 4968 1399 5023 quas
1439 4955 1618 5010 divina
1664 4971 1773 5011 non
1816 4960 2043 5013 mendax
2080 4963 2354 5033 promittit
2444 4973 2596 5030 quem
2640 4967 2849 5029 generat
2895 4972 3034 5012 moes
3058 4958 3154 5012 itia
3201 4957 3541 5024 delictorum3
3586 4961 3771 5015 vermis
3805 4967 3892 5022 est,
3929 4971 3975 5008 ω

768 5040 1014 5106 historia,
1045 5039 1376 5109 probabilem
1404 5042 1569 5097 redde
1595 5042 1876 5099 rationem.

835 5130 926 5187 29.
966 5128 1106 5188 Hau.
1140 5128 1387 5185 Diversae
1411 5131 1793 5202 suppliciorum
1819 5132 2021 5191 formas
2056 5150 2163 5192 non
2191 5136 2345 5195 locs-

2444 5049 2584 5121 quod
2611 5047 2994 5104 irrationabilia
3031 5049 3238 5104 animae
3261 5060 3473 5120 peccam
3516 5062 3732 5107 mentem
3776 5052 3846 5104 rei
3883 5062 3972 5100 ses·

2446 5153 2663 5209 sumque
2684 5145 3057 5207 comounyant,
3078 5146 3126 5192 et
3146 5137 3403 5209 quaedam
3427 5140 3648 5195 exedum
3676 5142 3856 5193 viscera
3874 5152 3973 5190 coe·

2042 5250 2305 5310 Vsum:
2339 5251 2738 5310 LECTtoNEs.

838 5362 855 5391 ¹
895 5361 939 5414 A
961 5359 1079 5429 fieri
1100 5359 1288 5440 possit.
1365 5369 1387 5400 ²
1424 5370 1516 5415 aut
1544 5359 1657 5431 ipsa
1687 5370 1823 5416 certe
1856 5375 1995 5416 mors
2033 5377 2145 5418 om.
2170 5371 2245 5420 A.
2320 5364 2343 5398 ⁸
2368 5364 2459 5421 Sic
2487 5363 2603 5430 (Ἐς
2644 5363 2690 5419 Α
2719 5348 2995 5419 revocatio.
3069 5367 3089 5397 ⁸
3114 5365 3206 5423 Sic
3238 5368 3355 5434 cm
3387 5369 3432 5424 A
3460 5369 3579 5439 quis
3599 5378 3823 5438 peccator
3850 5380 3961 5419 nom.

765 5428 789 5462 ⁸
828 5430 939 5485 sola
974 5428 1231 5499 siquidem
1269 5440 1460 5484 natura
1499 5439 1730 5501 resurget
1771 5444 1878 5485 om.
1921 5430 2028 5487 CF.
2104 5437 2127 5471 ⁸
2163 5430 2263 5489 Sic
2290 5433 2365 5500 1¹·;
2400 5434 2441 5488 A
2468 5434 2687 5504 sulphur
2715 5443 2798 5498 et,·
2824 5434 2865 5488 C
2890 5435 2972 5488 sa!
2999 5452 3090 5490 ure
3120 5445 3386 5507 stagnum.
3463 5448 3485 5479 ⁷
3520 5451 3592 5494 est
3615 5454 3716 5493 om.
3738 5437 3800 5490 A.
3862 5433 3885 5467 ⁸
3907 5442 3963 5484 esi

764 5514 853 5554 om
902 5495 1010 5553 CF.
1084 5501 1106 5533 ⁸
1143 5497 1190 5550 A
1231 5499 1370 5552 enim
1407 5509 1522 5564 est:
1580 5500 1624 5532 ¹⁸
1661 5501 1837 5554 omnia
1886 5514 1996 5555 om.
2047 5499 2115 5555 A.

765 5566 874 5631 ct&
911 5567 977 5621 ab
1019 5581 1128 5622 om.
1175 5566 1243 5621 A.
1316 5568 1362 5600 ¹⁸
1398 5568 1515 5626 silet
1543 5569 1681 5624 enim
1709 5584 1820 5625 om.
1849 5570 1917 5626 A.
1994 5569 2039 5602 ¹⁸
2065 5570 2113 5624 A
2138 5569 2338 5642 ligatis.

765 5634 888 5706 (21²3
947 5637 992 5691 A
1043 5638 1320 5693 contrahit.
2001 5637 2015 5648 “

2192 5504 2239 5534 ¹¹
2281 5502 2374 5560 Sic
2407 5502 2564 5557 ΑΕΒ.
2638 5503 2684 5534 ¹¹
2718 5503 2811 5559 Sic
2862 5501 2951 5558 AC
3002 5544 3016 5558 .

3090 5504 3134 5536 ¹⁸
3173 5505 3280 5559 Pro
3316 5505 3394 5561 vel
3426 5507 3480 5562 in
3510 5510 3551 5560 A
3592 5506 3753 5561 veluti.
3823 5506 3862 5536 ¹⁸
3895 5502 3961 5554 sie

2445 5573 2487 5642 ‚¹⁷
2526 5570 2618 5629 sic
2642 5571 2714 5639 Ἐς
2749 5571 2837 5629 AC
2865 5573 3073 5628 mittite.
3176 5576 3220 5607 ¹⁸
3247 5574 3331 5630 CF
3381 5586 3456 5629 ese
3503 5577 3742 5630 Christus.
3824 5575 3863 5606 ¹·
3890 5570 3959 5624 Sis

3931 6492 3944 6552 ’.ἢ
