4167 6625
306 465 379 534 {3⁰5
980 461 1124 522 tuttttttt
1142 458 1245 520 PAPAE
1265 457 1285 518 li
1888 434 1959 499 lodi

309 591 368 664 ejus
391 603 498 662 semper
517 586 640 661 Augusto
664 584 790 650 debetur,
817 581 917 655 spretis
934 577 1099 651 juramentis
1112 581 1137 642 A
1151 574 1338 631 laudandaest
1351 571 1534 646 planarestra
1559 569 1723 638 constantia,
1738 583 1813 643 quas,
1833 570 1876 627 soi
1892 585 1949 626 noo

309 684 420 750 inuasit,
444 691 473 740 et
486 680 597 754 perjurii
615 679 709 735 incidit
723 676 847 735 crimcul
866 674 943 732 Unde
958 672 1036 729 ualde
1051 672 1104 726 nti·
1153 669 1306 733 immemor,
1332 668 1412 723 iidem
1437 666 1599 737 promissam
1625 664 1725 721 merito
1744 664 1908 728 custodivit,
1924 673 1950 720 et

309 793 412 842 ramur,
437 773 661 846 obstupescimus,
678 779 707 827 et
718 768 852 834 dolemus,
867 775 897 823 ut
912 765 936 822 si
957 780 1006 821 uos
1021 763 1101 819 tidem
1152 759 1226 815 velut
1240 759 1327 814 irater
1340 767 1432 815 vester
1443 756 1565 824 Carolus,
1579 756 1693 813 alterius
1712 757 1789 829 regni
1799 754 1876 825 jura,
1895 756 1950 812 Lo·

310 870 349 926 illi
366 866 540 940 promisistis,
561 879 646 935 quare
668 862 849 932 vosmetipsos
870 858 983 931 perditis
999 865 1027 913 et
1049 869 1101 910 non
1152 850 1233 905 tharii
1249 850 1384 920 quondam
1396 848 1502 905 scilieet
1514 848 1698 920 imperatoris,
1716 863 1776 918 quar
1786 846 1865 917 juata
1879 847 1949 902 diri·

310 975 372 1017 eum
393 957 473 1015 niodo
487 956 666 1030 suggerendo,
683 954 763 1010 modo
785 952 852 1008 iliud
866 959 914 1006 aut
929 948 994 1004 illud
1018 961 1103 1018 oppo
1153 957 1203 997 uas
1219 951 1300 1012 atquc
1321 942 1455 998 humanas
1468 941 1542 1011 leges
1568 941 1657 997 eidem
1676 940 1801 1012 piissimo
1831 940 1950 1011 impen-

309 1050 408 1117 nendo,
423 1060 454 1105 ιιι
465 1049 610 1120 resipiscat
623 1044 851 1103 circumvenitis:
870 1042 935 1113 quin
950 1040 1040 1111 potius
1055 1054 1102 1095 ro·
1153 1034 1204 1089 tori
1220 1033 1275 1090 lilio
1292 1034 1350 1104 ejus
1364 1034 1508 1100 debentur,
1526 1048 1577 1089 neo
1587 1032 1700 1098 inuasit,
1713 1047 1766 1088 neo
1780 1032 1949 1102 concupiuit

308 1141 351 1200 bis
360 1140 568 1205 consentiendo,
582 1147 610 1195 et
629 1138 667 1194 illi
691 1146 746 1192 tam
768 1133 941 1191 detestabilia
961 1131 1100 1198 iaciendo,
1151 1125 1205 1181 Pro
1218 1126 1317 1196 quibus
1339 1125 1443 1182 scilicet
1457 1125 1636 1196 iniquissimis
1656 1125 1774 1190 actibus,
1789 1140 1860 1196 quos
1876 1125 1951 1179 idem

309 1233 381 1306 quod
392 1232 476 1288 uestri
492 1246 545 1287 nou
561 1229 651 1287 iecere
665 1238 803 1301 parentes,
818 1228 972 1298 gehennam
985 1223 1101 1294 paratis.
1152 1217 1276 1286 Carolus,
1293 1221 1347 1275 lieo
1360 1226 1528 1290 contempto,
1542 1218 1658 1289 peregit,
1672 1225 1702 1273 et
1713 1232 1765 1289 pro
1783 1216 1952 1287 juramentis

308 1323 442 1380 Praelatus
468 1322 602 1395 siquidem
623 1322 783 1391 imperator,
810 1329 917 1374 terrena
945 1329 1027 1386 regna
1048 1329 1102 1370 uon
1153 1308 1953 1381 quaecorrumperenoutrepidauit,raldeobstopescimus

308 1416 443 1480 ambiens,
468 1430 518 1486 pro
533 1412 694 1468 liberatione
716 1409 808 1481 populi
831 1408 879 1464 Ilei
894 1406 988 1463 multis
1003 1403 1103 1460 labori·
1152 1407 1180 1454 et
1200 1398 1341 1454 miramur.
1353 1397 1423 1466 Quia
1449 1406 1477 1454 et
1500 1397 1620 1465 illorum,
1635 1414 1705 1470 qnos
1719 1398 1833 1455 deviare
1847 1415 1950 1471 eogno-

307 1508 360 1565 bus
371 1507 511 1580 fatigatus,
525 1504 702 1576 triumphales
713 1503 739 1558 in
753 1503 966 1558 sarracenorum
981 1497 1103 1553 cervices
1153 1493 1265 1558 scimus,
1281 1500 1385 1548 tantum
1406 1491 1559 1548 animarum
1577 1492 1698 1562 pericula
1714 1493 1852 1562 gemimus
1864 1503 1895 1548 et
1908 1495 1952 1548 do·

307 1600 398 1671 potius
412 1614 519 1664 marrus,
535 1611 616 1668 quam
637 1595 665 1650 in
688 1609 749 1674 eum
775 1607 889 1664 reguum
912 1604 993 1646 suum
1007 1587 1102 1645 tolien-
1153 1583 1252 1651 lemus,
1272 1593 1404 1655 quantum
1416 1599 1467 1656 pro
1478 1584 1605 1641 omnibus
1622 1583 1671 1650 illi,
1685 1584 1732 1655 qul
1746 1599 1799 1640 nos
1812 1600 1863 1639 suo
1878 1587 1951 1656 gregi

309 1699 364 1746 tem
378 1690 509 1745 extendit.
525 1687 622 1744 lledite
636 1701 701 1757 erqo
711 1684 745 1740 ml
761 1699 817 1748 ros,
830 1681 1010 1746 dilectissimi,
1026 1689 1055 1736 et
1072 1689 1103 1736 ut
1153 1689 1271 1746 praeesse
1288 1677 1414 1749 dignatus
1433 1684 1485 1742 est,
1507 1676 1628 1734 rationes
1643 1691 1745 1748 ponere
1759 1677 1858 1746 procul
1872 1678 1952 1734 dubio

307 1781 373 1838 olim
397 1780 499 1836 loedera
525 1779 596 1834 iuter
622 1778 757 1834 seniorem
785 1783 920 1841 restrum,
948 1773 1104 1843 fratresque
1154 1766 1358 1838 compellemur.
1376 1769 1570 1825 Verumtamen
1594 1770 1693 1825 missos
1706 1769 1795 1826 nostri
1819 1770 1953 1840 apostola

308 1871 392 1938 iliius,
412 1887 474 1926 cum
486 1869 649 1940 juramentis
666 1868 768 1932 habita,
790 1868 838 1923 scd
861 1866 941 1922 modo
959 1874 1100 1937 corrupta,
1155 1868 1208 1926 tus,
1222 1875 1284 1916 cum
1296 1859 1419 1932 ejusdem
1442 1860 1575 1933 spiritalis
1590 1860 1637 1917 nttt
1653 1862 1740 1918 nostri
1752 1863 1870 1934 Augusti
1881 1862 1953 1934 legs

308 1961 502 2027 reformentur,
518 1960 578 2016 sine
592 1958 792 2016 cessationibus
805 1957 936 2013 laborate.
948 1956 981 2012 Et
998 1957 1022 2013 si
1035 1972 1099 2013 eum
1116 1937 1140 1999 Β
1154 1954 1201 2022 ιιι,
1221 1967 1275 2011 tam
1299 1957 1332 2012 ad
1344 1971 1394 2013 uos
1406 1971 1487 2028 quam
1513 1954 1547 2012 ad
1567 1954 1692 2011 eumdem
1720 1953 1862 2022 Caroium,
1883 1958 1952 2012 siem

308 2054 412 2111 saltum
438 2054 587 2110 consistere
610 2053 699 2115 uultis,
723 2061 754 2107 ιιι
778 2051 854 2124 regni
875 2050 938 2123 jura
957 2050 1031 2106 adse
1048 2064 1103 2105 non
1154 2062 1204 2103 uos
1213 2062 1300 2119 nuper
1315 2047 1406 2104 lacere
1415 2047 1618 2121 proposuimus,
1631 2061 1696 2104 ecee
1705 2048 1870 2103 direximus.
1882 2047 1953 2114 Quos

308 2145 472 2218 pertinentia
493 2145 608 2202 desistat
633 2145 773 2212 inuadere,
795 2151 946 2216 opportune
974 2142 1102 2200 insistite.
1154 2138 1270 2211 benigue
1285 2155 1319 2195 ao
1333 2139 1482 2195 honorilice
1496 2154 1547 2209 pro
1558 2153 1652 2195 amore
1665 2137 1854 2209 apostolorum
1868 2139 1954 2194 susei-

308 2238 402 2294 hliena
424 2253 478 2293 non
493 2237 677 2308 concupiscat,
693 2237 782 2293 aliena
801 2251 855 2292 uon
877 2235 977 2306 rapiat,
990 2243 1018 2291 et
1031 2233 1104 2306 quot
1154 2230 1272 2300 pientes,
1287 2244 1383 2286 omnes
1397 2229 1530 2287 utilitates
1540 2239 1568 2286 et
1580 2238 1735 2302 opportuna
1748 2231 1777 2285 in
1790 2245 1874 2302 opere
1885 2246 1953 2301 prz-

309 2329 360 2385 sibi
369 2343 423 2384 nott
435 2326 492 2384 vult
503 2327 570 2391 lieri,
584 2328 629 2383 alii
642 2344 755 2399 prorsus
768 2343 821 2383 non
835 2325 926 2383 iaciat.
938 2325 1106 2382 Remiuisea·
1155 2322 1226 2378 senti
1243 2323 1349 2394 negotia
1359 2337 1422 2378 eum
1432 2321 1474 2379 eis
1482 2322 1631 2382 tractetis:
1646 2330 1794 2394 quatenus,
1804 2323 1848 2378 his
1856 2339 1952 2394 perae·

309 2429 354 2478 tur
367 2419 514 2492 Scriptura
524 2419 734 2476 dicentis:bloo
745 2419 914 2490 concupisces
925 2434 979 2474 rom
991 2418 1105 2489 proximi
1157 2414 1201 2479 tis,
1226 2414 1299 2469 sicut
1320 2428 1371 2470 nos
1395 2422 1423 2469 et
1445 2429 1518 2485 saepe
1539 2414 1629 2469 dictus
1645 2414 1950 2486 angustussperamm,

309 2512 348 2566 toi
358 2509 457 2585 (Esod.
472 2511 531 2581 xx).
545 2511 579 2566 Et
591 2526 700 2567 rursum
713 2529 720 2565 ι
735 2508 831 2566 Omnia
845 2526 1007 2583 quocunque
1025 2511 1105 2565 sultis
1156 2504 1238 2568 iidem
1253 2503 1331 2560 missi
1345 2504 1415 2560 salvi
1430 2513 1513 2575 atque
1539 2505 1592 2562 illae
1607 2504 1629 2561 si
1648 2521 1698 2577 per
1711 2515 1833 2562 restntm
1852 2508 1954 2579 adjuto

309 2597 459 2669 resociaret
488 2598 559 2653 vobis
582 2597 711 2664 homiues,
734 2597 826 2651 rodem
848 2604 873 2651 et
892 2612 936 2651 ooo
956 2595 1035 2665 sorite
1051 2594 1105 2651 illis
1156 2595 1238 2660 rium,
1261 2594 1297 2650 ad
1318 2596 1478 2665 praedictum
1500 2596 1687 2668 regem,duoe
1701 2595 1770 2663 Deo,
1783 2599 1953 2668 perseniam,

311 2687 418 2760 ξιιιιιιιι.
439 2686 498 2760 ιιι).
525 2686 584 2743 Νοιι
609 2688 681 2743 cuim
696 2694 800 2742 mutum
818 2701 931 2758 regnum
953 2686 1106 2757 cuicunque
1156 2696 1184 2744 et
1198 2687 1439 2759 regrediraleant.
1458 2684 1519 2743 latu
1536 2702 1602 2744 vero
1628 2689 1651 2744 si
1674 2688 1746 2744 idem
1764 2703 1814 2744 rex
1836 2689 1871 2744 ab
1882 2690 1956 2744 inra-

310 2778 520 2850 augmentando,
534 2793 617 2851 quam
630 2778 765 2848 justitiam
785 2777 959 2849 acquirendo,
976 2778 1027 2834 ista
1044 2794 1106 2851 pro·
1157 2782 1234 2838 sione
1245 2780 1290 2837 illa
1303 2783 1462 2850 cessaverit,
1480 2791 1509 2839 et
1531 2799 1588 2841 suae
1598 2785 1736 2857 tyrannidi
1747 2787 1874 2852 cesserit,
1889 2802 1953 2844 ecce

309 2871 460 2941 sequimur,
476 2879 503 2925 et
528 2886 563 2927 ue
583 2872 645 2942 quis
659 2886 709 2943 pro
723 2870 865 2943 temporali
885 2887 998 2944 reguum
1009 2872 1106 2944 perdat
1156 2871 1236 2928 bene.
1257 2871 1305 2928 Sin
1318 2884 1422 2941 autem,
1441 2875 1539 2931 scitote
1552 2877 1618 2947 quia
1629 2891 1679 2947 per
1699 2892 1752 2933 nos
1764 2876 1828 2932 illuc
1841 2878 1892 2933 iter
1901 2894 1948 2934 re·

310 2972 465 3031 aetemum,
486 2979 541 3042 nnn
568 2963 688 3020 indebite
713 2972 909 3021 contestamur.
935 2962 1013 3040 Quod
1038 2964 1062 3021 si
1078 2972 1107 3020 et
1157 2962 1250 3020 uieudi
1265 2964 1530 3033 accelerabimus,et
1543 2966 1653 3024 velutin
1664 2976 1879 3042 contemptorem
1893 2971 1953 3038 bei,

310 3073 383 3114 nuuc
397 3058 440 3113 his
464 3057 620 3114 salubribus
644 3058 745 3114 uostris
765 3057 1002 3115 exhortationibus
1024 3068 1107 3130 atque
1158 3070 1189 3111 ac
1203 3055 1415 3127 apostolicarum
1430 3059 1620 3127 monitionum,
1635 3059 1767 3117 ultionem
1780 3061 1902 3118 debitam
1916 3063 1957 3118 in-

311 3149 507 3205 monitiouihus
528 3159 584 3206 tam
601 3150 659 3222 jam
676 3149 750 3207 latus
771 3165 831 3216 rex,
846 3166 928 3222 quarn
943 3165 992 3208 uos
1009 3165 1107 3223 parere
1158 3144 1298 3203 feremus:
1323 3163 1357 3205 ne
1377 3149 1455 3206 uobis
1468 3149 1627 3221 imputetur,
1648 3152 1671 3207 si
1691 3151 1737 3208 ille
1752 3152 1904 3224 impunitus
1916 3169 1959 3209 re·

310 3240 546 3313 contempseritis;
571 3241 669 3297 scitote
693 3242 756 3314 quia
775 3240 848 3297 ducti
863 3250 978 3313 paterno
992 3240 1103 3312 allectu,
1159 3238 1302 3304 manserit,
1316 3240 1380 3295 etsi
1393 3254 1423 3296 ιθ
1436 3254 1452 3295 ⁸
1475 3242 1567 3315 piavit
1580 3242 1698 3306 delibus.
1712 3243 1844 3316 veneriis
1855 3244 1960 3300 scilioei

310 3330 566 3403 ferventissimoque
590 3332 649 3387 zelo
661 3333 791 3404 justitiae,
806 3335 910 3399 statim,
924 3333 1033 3391 Christo
1044 3337 1104 3407 opi·
1159 3345 1192 3386 ac
1203 3331 1442 3402 concupiscentiis,
1458 3334 1574 3405 aliisque
1588 3334 1714 3392 celandis
1736 3335 1892 3393 sceleribus
1902 3354 1956 3393 non

312 3422 380 3491 llce,
401 3434 494 3495 partes
512 3424 572 3479 ilias
588 3424 802 3496 penetrabimus,
819 3434 848 3480 et
865 3425 892 3480 in
905 3435 1109 3497 contemptores
1159 3427 1287 3493 corruit,
1312 3434 1444 3485 uenturus
1462 3426 1545 3498 judex
1570 3446 1633 3486 eum
1654 3432 1688 3487 de
1709 3432 1836 3488 manibus
1855 3435 1959 3489 nostris

312 3515 422 3586 dignam
453 3516 577 3573 dabimus
608 3517 750 3573 ultionem.
777 3518 920 3575 Postremo
944 3535 1109 3592 magnopere
1159 3519 1291 3588 requirat,
1307 3526 1335 3576 el
1353 3536 1403 3592 pro
1418 3521 1520 3577 desidia
1539 3523 1638 3579 merito
1660 3525 1852 3595 reprehendat.
1874 3526 1956 3582 Hira·

313 3620 526 3672 commonemus,
542 3613 572 3663 ut
596 3608 646 3663 lios
664 3608 831 3679 apostolatus
853 3612 938 3667 nostri
959 3614 1109 3685 praecipuos
1159 3612 1491 3685 murpraetereagloriam
1514 3622 1633 3670 vestram
1655 3614 1683 3669 iu
1709 3616 1958 3687 praeuctmdoepi·

313 3698 422 3764 missos,
435 3697 567 3755 ioannem
583 3699 719 3768 uidelicet,
736 3709 810 3767 etc.;
825 3718 909 3773 usqne
926 3704 961 3757 od
972 3706 1063 3775 finem,
1080 3717 1108 3762 ιιι
1159 3716 1244 3773 scopo
1256 3703 1412 3775 Agrippinae
1435 3703 1555 3762 Coloniae
1576 3714 1633 3762 mm
1648 3707 1797 3764 indiscrete
1809 3710 1959 3780 praebuisse

313 3790 342 3845 iu
354 3788 463 3860 epistola
482 3790 518 3845 25
537 3791 572 3845 ud
590 3793 733 3862 episcopos.
745 3789 877 3862 Optamus
889 3792 1052 3851 industriam
1064 3811 1109 3851 ue·
1160 3808 1322 3850 eonsensum
1346 3813 1353 3849 ε
1371 3796 1647 3854 cumeuideutissime
1659 3798 1745 3855 scires
1760 3799 1835 3871 quod
1852 3810 1961 3871 aposto

314 3888 398 3936 stram
413 3881 440 3936 in
455 3881 753 3940 Christobeueualere.
775 3883 844 3940 bata
856 3900 873 3939 u
886 3883 1021 3945 buteones
1033 3885 1108 3955 iulii,
1160 3888 1220 3945 licre
1242 3889 1316 3945 sedis
1335 3890 1440 3961 judicio
1464 3900 1546 3962 atque
1563 3891 1688 3949 consultu
1709 3893 1811 3948 ibidem
1835 3895 1961 3951 debuerit

315 3971 463 4030 indictione
474 3989 515 4031 tu.
1160 3977 1280 4034 ordinari
1292 3980 1416 4048 antistes,
1434 3979 1513 4051 cuius
1527 3997 1643 4038 censura
1659 3998 1745 4053 nuper
1763 3982 1960 4041 luerateadem

1160 4067 1284 4126 Ecclesia
1307 4086 1357 4128 suo
1376 4073 1483 4142 privata
1500 4082 1617 4130 rectore.
1638 4073 1673 4129 Et
1684 4074 1795 4145 quidem
1813 4078 1887 4145 quod
1901 4084 1962 4148 post

1159 4159 1290 4231 iudicium
1312 4164 1385 4220 sedis
1404 4164 1561 4236 apostolicae
1577 4165 1680 4222 lactum
1693 4176 1745 4233 est,
1758 4167 1827 4224 dure
1837 4170 1960 4241 suscepi·

1162 4266 1224 4308 mus
1239 4271 1246 4308 ε
1267 4254 1316 4317 sed
1330 4255 1402 4325 quod
1415 4262 1460 4310 tua
1474 4270 1557 4327 super
1571 4255 1623 4314 hoc
1644 4256 1765 4325 deuotio,
1785 4274 1866 4329 quam
1887 4259 1959 4316 cirea

1162 4361 1213 4403 uos
1224 4346 1327 4403 habere
1340 4348 1478 4418 probaris,
1493 4347 1659 4404 omnimodis
1670 4350 1764 4417 tacuit,
1780 4351 1875 4407 donus
1889 4353 1961 4408 msti-

1162 4451 1280 4493 mamus.
1307 4436 1446 4510 Ptmcipue
1473 4440 1537 4511 qula
1562 4439 1707 4497 (leutharii
1734 4441 1836 4498 dudum
1868 4445 1959 4499 archi·

648 4065 767 4123 xxvttt.

471 4174 506 4215 ao
517 4173 671 4219 asportetur
685 4176 775 4217 aresii
788 4176 945 4219 crumnis.

622 4270 711 4342 (Auito
722 4269 798 4343 etti.)

316 4381 488 4440 Commendat
510 4382 609 4455 leqotos
632 4400 705 4445 auos,
732 4392 757 4437 et
780 4382 907 4439 Ludooici
932 4384 1110 4456 imperatoris,

351 4468 457 4536 propter
470 4453 589 4509 Lotlmrii
602 4470 711 4533 requunt
729 4470 745 4506 ιι
759 4452 855 4508 Coruin
866 4455 987 4511 invasum
1003 4458 1110 4512 otiosos.

352 4525 510 4596 Episcopum
537 4523 654 4580 Colonio’
675 4538 731 4580 stite
747 4541 796 4580 suo
818 4527 941 4581 consultu
958 4527 1111 4583 ordinatum

352 4596 434 4667 [aiore
444 4595 622 4667 conqueritur.

351 4713 490 4769 Διιιιιιιιιιι
504 4713 657 4785 episcopus,
670 4726 767 4769 sertus
784 4726 925 4769 sertorum
938 4711 998 4781 Dei,
1013 4713 1112 4773 dilecto

318 4802 374 4858 utto
392 4803 527 4861 huoovrco
540 4804 658 4878 glorioso
671 4804 738 4876 regi.

354 4896 430 4953 Sicut
443 4912 514 4967 saepe
528 4914 576 4969 per
590 4899 687 4954 missos
697 4908 725 4954 ct
734 4899 863 4970 epistolas
879 4908 986 4957 uestras
1005 4915 1113 4972 couupe

318 4993 414 5056 rimus,
430 4991 463 5047 de
477 4992 639 5049 exaltatione
653 4994 750 5048 matris
761 5003 858 5051 vestrm
871 4995 1002 5051 humanm
1016 4995 1113 5051 Eccle-

318 5087 367 5142 sim
377 5084 587 5156 jucundamini,
612 5092 640 5138 et
666 5099 728 5139 cum
750 5087 913 5143 charissimo
938 5086 994 5141 tilio
1021 5095 1116 5145 nostro

318 5178 429 5234 domiuo
441 5175 578 5232 Ludotico
597 5175 718 5247 Augusto
728 5190 838 5231 onmem
851 5176 1036 5241 concordiam,
1053 5192 1113 5232 om·

320 5286 436 5342 itemque
454 5270 530 5342 pacis
547 5269 719 5326 dilectionem
734 5280 762 5327 et
776 5269 838 5326 iudei
859 5270 1014 5341 possidetis,
1029 5279 1058 5327 et
1072 5272 1114 5328 iu·

320 5363 481 5428 solubiliter,
500 5363 730 5435 quemadmodum
745 5363 816 5420 idem
827 5364 1019 5420 serenissimus
1030 5362 1115 5435 impe·

322 5464 397 5509 rator
410 5454 488 5510 nobis
503 5455 631 5522 irrnotuit,
647 5470 695 5510 uos
713 5456 831 5512 retinere
854 5455 946 5511 multis
959 5470 1052 5512 eoram
1063 5471 1113 5529 po·

322 5546 383 5601 sitis
397 5547 570 5616 prolitemini.
595 5547 672 5605 Unde
698 5548 823 5621 gloriosse
845 5556 945 5605 restrae
970 5549 1114 5606 serenitati

324 5637 569 5710 nonrmllasqrates
591 5638 743 5706 referimus,
761 5649 790 5696 et
811 5648 841 5695 ιιι
865 5640 891 5697 iu
914 5642 1012 5712 emptis
1036 5641 1116 5698 bonis

324 5733 515 5801 persereretis,
535 5733 691 5805 apostolicis
715 5733 853 5801 abatibus,
878 5734 916 5791 lili
942 5736 1114 5801 charissime,

325 5822 490 5881 incitamus:
511 5828 639 5898 quoniam
661 5829 792 5900 seriptum
812 5839 878 5888 est:
898 5830 950 5898 Qui
970 5846 1118 5901 persevero·

326 5918 390 5975 terit
402 5917 516 5990 usquein
527 5918 618 5989 puerit,
630 5921 674 5976 dio
691 5919 779 5979 salona
789 5924 837 5979 erit
849 5922 958 5995 (illattlt.
968 5921 1009 5997 tt).
1024 5923 1079 5983 Seu
1090 5933 1118 5982 et

1164 4528 1285 4598 episcopi
1300 4544 1422 4596 causam,
1436 4540 1583 4603 autequam
1594 4532 1623 4587 iu
1636 4531 1806 4591 locumiilius
1818 4534 1960 4591 substitue·

1127 4630 1241 4711 Drctur
1264 4621 1489 4692 episcopocum
1514 4624 1614 4680 iterum
1635 4626 1796 4694 audituros,
1823 4637 1851 4683 et
1866 4643 1957 4683 rocem

1165 4708 1224 4780 eius
1235 4710 1402 4769 admissuros
1417 4710 1477 4770 lore
1486 4714 1692 4784 spopondimus.
1704 4714 1850 4772 Praelatam
1864 4716 1958 4787 quippe

1164 4805 1363 4862 ordinationem
1392 4820 1442 4862 nec
1461 4807 1667 4875 ooullrmamus,
1689 4824 1740 4864 uec
1752 4818 1843 4865 ratam
1859 4809 1951 4865 babere

1166 4898 1348 4966 decernimus,
1362 4915 1504 4972 quousque
1517 4900 1563 4957 ille
1573 4902 1619 4971 qui
1633 4902 1776 4958 ordinatus
1789 4913 1843 4971 est,
1861 4913 1949 4960 nostre

1165 4990 1327 5046 exhibeatur
1341 4990 1503 5060 presentiae,
1514 4999 1542 5046 et
1556 4999 1671 5062 utraque
1692 5006 1756 5062 pars
1770 5006 1865 5047 eoram
1883 4991 1954 5047 nobis

1168 5081 1302 5145 discussa,
1326 5089 1477 5137 conventus
1499 5081 1637 5154 synodaiis
1653 5081 1837 5153 perpendatur
1852 5082 1953 5138 audieu-

1167 5174 1214 5230 tia.
1229 5173 1370 5230 Postremo
1383 5188 1547 5245 magnopere
1560 5188 1774 5240 commonemus,
1788 5182 1819 5228 ut
1830 5174 1881 5231 hos
1895 5188 1952 5244 apo

1166 5263 1282 5319 stolatus
1296 5263 1381 5318 nostri
1395 5263 1547 5334 praecipuos
1560 5263 1667 5330 missos,
1679 5260 1814 5319 loannem
1825 5264 1951 5326 videlicet,

1167 5367 1248 5430 atque
1257 5357 1378 5425 Petrum,
1393 5373 1440 5415 seu
1454 5357 1630 5425 wibbodum,
1642 5366 1671 5413 et
1682 5355 1825 5425 loannem,
1838 5374 1952 5414 sereren-

1168 5454 1218 5509 dos
1230 5452 1382 5522 episcopos,
1397 5466 1449 5507 uec
1466 5467 1519 5506 nou
1542 5460 1570 5508 et
1594 5449 1706 5507 Petrum
1728 5450 1884 5524 religiosum
1896 5465 1952 5521 pre·

1168 5546 1307 5618 sbyterum
1321 5545 1441 5602 cardinis
1460 5544 1560 5612 nostri,
1583 5545 1767 5617 dilectumque
1785 5556 1905 5601 nostrum
1918 5543 1953 5598 la·

1169 5638 1315 5704 tuiliareut,
1330 5654 1380 5710 pro
1394 5637 1547 5710 principum
1570 5636 1754 5708 apostolorum
1779 5641 1813 5692 ab
1836 5636 1952 5692 omnihus

1168 5730 1337 5804 preferenda
1356 5733 1506 5788 reverentia
1530 5738 1557 5788 et
1580 5746 1686 5799 amore,
1705 5729 1951 5803 benignesuscipie-

1170 5828 1214 5894 tis,
1232 5837 1260 5885 et
1275 5836 1367 5898 utpote
1388 5842 1403 5882 a
1428 5834 1503 5882 tanta
1522 5828 1586 5884 sede
1598 5826 1748 5899 digressos,
1760 5824 1949 5880 luoruuiheere·

1170 5932 1263 5996 captos
1279 5922 1385 5981 colatis.
1401 5921 1470 5994 lpsis
1481 5921 1555 5980 euim
1570 5936 1630 5994 quae
1642 5919 1739 5994 pagina
1752 5918 1870 5989 reticuit,
1880 5914 1949 5973 robis
