4167 6625
349 325 422 392 fidi
991 278 1000 293 ⁸
1043 327 1185 388 totttms
1204 327 1302 386 seori
1917 329 1976 389 titt

346 451 443 518 debis,
472 463 535 504 sera
558 449 631 505 enim
653 447 751 505 dicam.
777 391 962 504 sumemus
995 445 1471 519 aliquandoAuolerrtcequaedam
1485 461 1549 504 rero
1570 444 1977 520 uolentes,ausalopostpasea

344 539 421 612 iuxta
436 538 555 606 Cretam,
571 548 681 595 sanetus
696 539 846 595 introduxit
867 553 910 598 uae
927 537 1042 611 Carpus,
1057 540 1099 594 rir
1112 550 1141 595 et
1192 539 1247 594 viru
1272 539 1402 594 iacientes
1418 537 1537 594 simulet
1559 536 1768 609 interrog-untes
1798 536 1871 591 Dixit
1899 545 1977 594 auten

346 633 369 690 si
384 633 447 706 quis
455 631 535 697 alius,
542 647 592 703 per
603 631 715 688 multam
728 632 874 704 puritatem
890 632 974 688 animi
989 631 1024 688 ud
1033 631 1141 687 divinas
1194 630 1311 702 Carpus,
1325 631 1443 702 seipsum
1455 630 1582 687 delectui
1595 631 1721 686 deorsum
1733 630 1977 694 retentemus

345 723 465 780 visiones
489 723 566 779 vaide
579 731 757 793 opportunus.
774 722 809 778 Et
820 723 929 794 quidem
942 737 1028 794 neque
1040 723 1142 780 sanctis
1193 736 1296 791 autem,
1307 739 1377 796 quac
1391 739 1509 790 sursum,
1527 723 1662 796 negligere
1677 741 1684 776 z
1700 722 1840 795 indignari
1850 733 1938 778 autera
1956 733 1981 780 et

346 815 539 889 mysteriorum
563 813 705 871 sacrificiis
727 793 962 880 cortiba'tu'r's‘n'isi
987 815 1063 886 prius
1089 813 1141 886 ipsi
1192 813 1475 887 parripcuderequia
1491 813 1712 870 nonceciderunt
1722 813 1794 885 jana,
1810 823 1840 868 et
1854 815 1895 868 rei
1909 815 1981 870 toties

346 907 495 966 secundum
509 904 721 978 anteperfectae
744 907 883 963 orationes
899 920 993 961 sacras
1005 913 1033 961 et
1047 904 1139 976 propi·
1193 905 1458 977 superadjicientem,
1474 913 1501 961 et
1515 921 1568 962 trun
1578 904 1713 961 ualentem
1723 906 1896 970 contristari,
1911 905 1980 962 etia·

346 1001 434 1056 elatas
446 996 550 1058 tisione
560 995 826 1069 supermanilestata.
839 993 950 1052 Dicebat
970 993 977 1006 ⁹
998 997 1037 1049 itu
1055 1008 1141 1063 ,con·
1194 999 1282 1070 ligari.
1293 999 1327 1054 iit
1338 999 1525 1070 respicientem
1536 998 1580 1054 vit
1592 999 1683 1052 sidere
1693 998 1805 1067 quidem
1819 997 1919 1054 iterun
1929 1014 1983 1055 cse-

345 1090 484 1148 tristatum
495 1104 524 1147 se
537 1088 682 1162 aliquando
705 1087 853 1145 inlidelium
876 1086 1003 1158 quodam.
1019 1083 1140 1141 Tristitia
1192 1088 1260 1156 lum,
1273 1090 1597 1161 sicutetpriusvidebal:
1610 1086 1702 1144 iesum
1713 1097 1806 1143 aarum
1818 1089 1983 1146 miserente·

346 1192 437 1240 autem
450 1191 520 1250 erat,
535 1183 599 1255 qnia
620 1182 655 1239 ab
666 1181 788 1238 Ecclesia
811 1180 856 1238 itte
878 1181 1013 1251 quendam
1038 1180 1140 1237 bunum
1192 1178 1269 1247 iacti,
1282 1195 1416 1256 exurgere
1439 1195 1522 1252 snper
1534 1179 1646 1236 caelesti
1668 1179 1777 1245 tlrrnuo,
1802 1189 1831 1236 et
1847 1195 1933 1251 usque
1946 1196 1985 1237 eus

346 1271 646 1340 seduxitadbuclaetis
656 1271 824 1343 ipsisdiebus
834 1270 1040 1326 consummatis.
1053 1266 1140 1340 Oper-
1193 1271 1415 1340 descendentem,
1437 1288 1547 1328 manum
1558 1273 1687 1342 optimam
1701 1283 1857 1345 praestare,
1868 1284 1897 1327 et
1909 1289 1984 1346 aage-

346 1364 422 1422 tebat
438 1376 585 1438 utrumque
601 1365 731 1422 divinitus
751 1362 997 1436 superglorificare.
1014 1369 1042 1418 et
1056 1361 1141 1418 Mum
1192 1361 1234 1420 los
1247 1365 1382 1437 cumipse
1399 1366 1563 1437 accipientes
1577 1366 1658 1421 alium
1676 1365 1788 1422 aliunde
1805 1366 1985 1437 recepissem

347 1455 508 1514 salvatorem
523 1455 788 1526 conprehendentem
801 1453 989 1526 accipientem,
1003 1466 1067 1508 etam
1082 1450 1142 1523 qui·
1194 1468 1250 1519 ros,
1261 1462 1289 1509 et
1299 1453 1389 1510 dicere
1396 1454 1484 1526 Carpo
1493 1454 1588 1512 iesum
1604 1454 1766 1526 :Manuiam
1779 1465 1846 1512 aute
1856 1458 1985 1528 praeordi-

346 1547 407 1605 dem
431 1546 623 1614 convertisse,
652 1546 724 1604 bunc
747 1559 813 1604 tero
837 1546 960 1603 bonitate
980 1544 1091 1611 risisse,
1113 1552 1142 1600 et
1194 1557 1258 1602 nata
1271 1561 1339 1617 puer
1361 1548 1509 1606 secundum
1534 1563 1577 1603 nae
1603 1548 1753 1606 residuum.
1780 1547 1904 1606 Purattu
1920 1550 1984 1607 euin

347 1657 402 1697 non
423 1637 576 1711 relinquere
599 1637 776 1703 admonitum,
805 1645 835 1693 et
856 1636 1010 1708 pervitam
1032 1649 1142 1692 omnem
1193 1652 1255 1694 sum
1280 1639 1378 1695 iterum
1405 1655 1455 1711 pro
1483 1638 1636 1697 bominibus
1668 1640 1839 1696 resalvandis
1868 1642 1935 1711 pati.
1956 1641 1984 1698 iit

347 1745 433 1803 usqne
446 1729 537 1798 hodie,
561 1737 588 1784 et
601 1728 679 1784 sicin
695 1727 813 1784 divium
827 1742 874 1785 eos
895 1727 996 1783 ducere
1010 1726 1143 1797 cognitio·
1193 1729 1345 1787 adamabile
1367 1731 1433 1788 mihi
1465 1732 1533 1799 boc,
1559 1748 1612 1788 uon
1640 1731 1700 1789 aliis
1728 1734 1912 1806 peccantibus
1942 1735 1984 1790 be—

347 1830 562 1891 nem,tanquam
570 1818 664 1890 jamet
676 1827 780 1875 certum
791 1817 935 1876 exstinctis
945 1815 1322 1889 ipsisjudicatisppminibus.
1348 1822 1539 1881 Verumtamen
1566 1822 1693 1889 tide,si
1725 1824 1796 1881 bene
1828 1826 1930 1881 babere
1954 1829 1983 1882 ti·

347 1923 376 1971 et
397 1911 626 1970 irrationabilibus
651 1909 788 1967 ferocibus
810 1910 837 1966 iu
870 1909 929 1982 lege
953 1908 1028 1979 justa
1049 1923 1144 1980 sapere
1168 1981 1171 1986 r
1194 1911 1231 1978 bi,
1243 1913 1270 1967 in
1282 1887 1541 1971 cuasun'tE'eTciii
1547 1915 1718 1988 serpentibus
1734 1917 1982 1972 mansionemuon-

347 2006 462 2062 coactis.
477 2004 530 2061 Sed
544 2004 570 2059 in
585 2003 675 2074 seipso
689 2018 743 2060 nou
757 2001 834 2072 prius
847 2002 900 2058 boe
913 2002 1031 2073 patiens,
1053 1999 1145 2056 nescio
1167 2005 1170 2038 ἱ
1194 2010 1300 2060 mutare
1312 2013 1324 2044 ¹
1336 2003 1405 2075 ejus,
1428 2021 1498 2078 quac
1523 2014 1564 2061 est
1581 2021 1642 2062 cnm
1664 2007 1720 2063 ileo
1735 2015 1763 2063 et
1777 2007 1892 2077 optimis
1904 2017 1930 2063 et
1940 2008 1982 2062 hu

349 2100 485 2172 quomodo
492 2106 556 2152 tunc
563 2095 818 2165 multamquandam
826 2092 1027 2149 inclementiam
1039 2102 1145 2146 eterna·
1194 2099 1284 2154 manis
1304 2096 1441 2167 'angelis
1463 2097 1537 2154 ilaec
1548 2108 1622 2165 sunt,
1636 2114 1705 2170 quae
1718 2114 1770 2171 ego
1781 2099 1899 2157 audieus
1911 2100 1981 2158 crede

347 2189 496 2246 ritudinsur
512 2189 646 2253 intexens,
665 2183 816 2242 iulirutatus
831 2192 874 2239 est
887 2182 997 2254 quidem
1016 2181 1056 2238 sic
1074 2179 1145 2236 mals
1194 2201 1259 2243 uera
1274 2203 1345 2244 esse.

348 2280 462 2335 babens.
485 2276 602 2350 Vespera
631 2276 703 2332 euim
730 2284 801 2330 erat.
827 2273 906 2330 Circa
928 2281 1019 2329 autem
1040 2272 1144 2327 medias
1568 2258 1613 2316 tit.

348 2381 452 2434 noctes,
480 2369 586 2425 solebat
598 2368 670 2425 euim
686 2367 714 2422 in
730 2367 780 2423 buc
800 2375 906 2437 tempus
927 2366 986 2437 ipse
1002 2380 1036 2422 ea
1053 2365 1144 2435 seipse
1196 2371 1255 2432 Tiro
1269 2373 1388 2445 pontifici
1409 2374 1420 2405 ⁸
1437 2373 1607 2446 interroganti
1619 2391 1667 2448 per
1687 2374 1840 2444 epistulam,
1868 2391 1932 2446 quae
1945 2392 1981 2432 ss

348 2461 382 2517 mi
394 2461 501 2516 divisas
515 2458 611 2514 laudes
634 2457 773 2529 evigilare,
799 2458 886 2528 surgit
907 2458 1028 2529 quidem,
1055 2472 1144 2528 neque
1229 2444 1341 2515 liiidie
1355 2446 1461 2509 domas,
1473 2445 1532 2515 quis
1552 2456 1647 2510 crater,
1665 2455 1689 2499 ι’
1702 2446 1748 2517 ’Μ’
1761 2445 1814 2499 ‘iffi
1826 2457 1850 2499 θ’
1869 2457 1951 2515 ΝΜ·

349 2549 453 2606 soranis
471 2548 497 2605 ei
508 2549 623 2604 muitum
634 2547 824 2613 existentibus,
841 2555 870 2602 et
882 2561 991 2618 semper
1003 2543 1142 2603 oliendeu·
1230 2559 1349 2615 Sancrqg
1374 2558 1482 2632 quirem
1498 2557 1668 2625 Timotheus,
1682 2574 1699 2615 0
1720 2558 1791 2616 pone
1807 2559 1882 2626 Tire,
1902 2560 1980 2615 mu

350 2643 417 2699 tium
425 2642 598 2698 extrinsecus
610 2641 815 2712 perturbatione
825 2639 939 2697 abutens
949 2648 1040 2697 :stans
1053 2649 1143 2698 taurea
1194 2664 1228 2706 au
1240 2649 1304 2721 qnid
1318 2650 1488 2724 cognitorum
1500 2652 1566 2708 mibi
1578 2652 1791 2726 theologicorum
1805 2651 1980 2725 sytttboloruu

349 2735 378 2792 iu
398 2731 519 2790 divinum
541 2732 716 2804 colloquium,
731 2748 786 2788 non
808 2731 1140 2799 rectelrenatusest‚in·
1194 2742 1307 2798 recessit
1336 2741 1504 2816 relinquens.
1538 2742 1591 2799 Sed
1616 2744 1644 2798 in
1676 2742 1827 2814 symbolica
1860 2744 1981 2815 tbeoiegia

349 2826 475 2898 diguatus
499 2833 554 2888 esi,
580 2837 634 2880 tlon
657 2838 718 2879 etse
738 2821 842 2893 ittsitlttt
857 2822 1001 2888 dicens,si
1022 2823 1143 2880 viverent
1194 2830 1981 2906 bellumreditum,omneseloqttidrttttideDeoaoefittle

349 2915 401 2973 riri
421 2915 507 2988 impii,
522 2925 550 2971 et
568 2915 759 2972 subvertentes
770 2915 828 2970 virs
850 2914 957 2972 bortum
969 2922 1059 2970 rectas
1070 2927 1094 2969 ι.
1092 2914 1144 2994 jit
1195 2922 1282 2980 tiones
1300 2937 1361 2980 esse
1383 2922 1685 2980 inultismonstrunsas,
1706 2923 1823 3000 Q
1848 2924 1878 2980 in
1900 2940 1983 2982 mm

349 3012 418 3094 {¹20⁰
445 3010 548 3080 diffinis
565 3009 672 3096 Reljli¹
701 3009 787 3064 {¹⁰⁰0
804 3008 868 3084 ,idne
887 3006 1004 3077 llu⁰l¹i¹¹¹
1033 3006 1141 3064 weleili
1195 3016 1315 3090 quentia.
1325 3015 1540 3074 contaminatam
1557 3024 1729 3087 extergentes
1741 3015 1982 3088 imperfectioribus

350 3101 491 3173 utriusque
511 3117 541 3160 m
567 3100 651 3157 semel
686 3097 936 3156 immisericorditer
971 3099 1143 3171 requiescere
1194 3106 1360 3174 snituarum,
1384 3104 1601 3179 quandocunque
1629 3120 1746 3164 ursariae
1770 3107 1886 3178 sophiae
1904 3118 1982 3180 patres

349 3194 429 3250 vitas.
445 3194 518 3250 ilaue
542 3205 633 3250 autem
657 3194 751 3252 dicens
765 3194 804 3249 ait
816 3203 927 3264 putasse
940 3192 1031 3250 ridere
1053 3195 1144 3252 subito
1157 3179 1180 3244 C
1195 3212 1245 3272 per
1254 3199 1388 3271 quaedam
1400 3197 1506 3255 occulta
1532 3207 1562 3258 et
1573 3199 1685 3258 audacia
1708 3195 1868 3270 aenigmata
1882 3198 1984 3254 insede·

350 3285 472 3382 domum,
486 3277 515 3341 ln
532 3297 585 3358 qua
599 3284 709 3356 quidem
722 3285 821 3353 stabat,
833 3299 995 3347 concussam
1010 3287 1097 3356 prius,
1109 3301 1144 3344 ex
1195 3299 1270 3347 stam
1279 3289 1410 3358 diuinam,
1425 3298 1453 3346 et
1466 3290 1619 3363 mysticam,
1629 3297 1658 3346 et
1670 3289 1772 3346 iniiam
1785 3290 1934 3347 immundis
1945 3305 1982 3345 re

350 3384 422 3432 tecto
448 3375 476 3431 in
499 3374 552 3431 duo
569 3370 658 3431 media
684 3374 810 3441 divisam,
828 3382 857 3432 et
881 3374 1026 3446 quemdam
1050 3391 1143 3449 rugum
1199 3382 1321 3440 ritatem.
1341 3381 1489 3483 Qe
1514 3383 1716 3441 nuncredimus
1736 3382 1816 3439 runiti
1841 3383 1983 3439 dedicius

350 3464 452 3524 multae
474 3466 542 3522 lueis
566 3467 592 3522 in
616 3476 760 3538 conspeetu
776 3482 839 3535 suo,
849 3477 877 3523 et
891 3467 981 3533 talem,
1002 3469 1145 3526 ridebatur
1195 3472 1332 3545 mysteriis
1343 3473 1503 3529 rationibus.
1521 3471 1745 3543 Contemplemur
1757 3473 1832 3529 enim
1845 3473 1983 3530 solumme

350 3558 422 3615 enim
441 3565 560 3614 ceterum
574 3557 625 3614 snb
638 3558 749 3615 aetbere
759 3558 846 3625 lucus,
861 3574 895 3615 ea
903 3559 1014 3616 caelesti
1033 3562 1145 3633 regione
1195 3562 1230 3618 do
1241 3578 1273 3617 ea
1287 3578 1348 3617 cum
1363 3562 1587 3619 corruaturaiibus
1601 3563 1680 3619 nobis
1697 3563 1876 3619 sensibilibus
1887 3564 1985 3637 symbo-

351 3652 476 3727 usquead
491 3666 521 3709 se
535 3651 864 3717 descendentem,caclum
876 3652 1145 3723 autemipsumrellu·
1195 3652 1239 3709 lis.
1253 3650 1367 3722 Oportet
1380 3662 1470 3708 autem
1486 3660 1654 3709 sternentes
1668 3669 1700 3710 ca
1726 3656 1754 3711 iu
1771 3656 1928 3727 semetipsis
1940 3673 1983 3712 uu·

350 3757 444 3816 grans,
470 3751 499 3797 et
513 3742 539 3796 in
555 3741 636 3797 dorso
647 3741 714 3797 caeli
729 3740 815 3813 ipsum
829 3739 922 3798 iesum
937 3741 1030 3798 multis
1049 3743 1145 3798 buma-
1195 3745 1231 3800 da
1240 3753 1267 3799 et
1282 3760 1348 3813 pura
1362 3744 1433 3799 iacta
1447 3746 1549 3800 ridere.
1564 3744 1609 3801 Sic
1619 3746 1692 3801 cuim
1706 3747 1733 3801 in
1747 3748 1984 3821 contemplantibus

349 3834 505 3891 niiormiter
525 3833 574 3904 ipsi
589 3833 757 3901 adstantibus
772 3832 886 3904 ungcils.
900 3832 935 3887 Et
951 3833 1018 3890 baec
1035 3835 1145 3904 quidem
1195 3838 1358 3906 aperirent·
1370 3838 1478 3909 quidem
1499 3837 1601 3894 lorrtcnr
1617 3839 1689 3895 ritae
1707 3839 1735 3895 in
1752 3841 1876 3921 seipsum
1892 3840 1981 3909 iusum,

330 3929 450 3985 'vidisse
471 3927 664 3993 desursum,et
682 3941 712 3983 se
731 3926 835 3987 mirari.
860 3903 1079 3984 nci'rii'die'rd
1103 3930 1145 3984 iu·
1195 3936 1224 3983 et
1238 3929 1265 3983 in
1290 3927 1379 3999 seipso
1404 3937 1522 3984 stentem
1546 3928 1830 3992 ridentes‚ctut1am
1855 3934 1982 4003 quaadau

350 4039 467 4084 currens
489 4022 594 4094 Carpus
611 4040 617 4075 :
633 4020 773 4086 Videbam,
798 4021 896 4091 inquit,
911 4032 938 4075 et
953 4030 1054 4076 terram
1080 4037 1144 4091 pro-
1195 4020 1335 4087 virtulem,
1350 4020 1485 4091 simplam,
1499 4036 1547 4092 per
1558 4023 1674 4093 seipsam
1685 4030 1796 4087 irrotaiu,
1812 4040 1863 4095 per
1875 4028 1983 4096 seipsa·

350 4116 473 4176 tundam.
500 4112 557 4169 ilue
569 4112 604 4167 ad
620 4111 760 4167 tristitiam
775 4121 817 4165 est
831 4110 950 4173 chasma,
977 4121 1006 4167 et
1021 4113 1146 4169 tenebre
1195 4124 1363 4183 operantem,
1378 4115 1496 4184 seipsam
1517 4130 1570 4169 non
1583 4117 1767 4185 deserentem,
1783 4118 1833 4173 sed
1850 4120 1983 4175 scientiam

350 4222 412 4265 sum
425 4214 592 4276 separatum,
606 4200 838 4272 etquidemsirus
851 4200 921 4267 iilos,
935 4201 1146 4272 quibuscalnnr·
1195 4208 1316 4262 omnium
1340 4207 1513 4262 scientiarum
1538 4207 1751 4273 subsistentem,
1777 4218 1805 4265 et
1820 4226 1930 4283 scrupea·
1941 4227 1983 4282 pet

351 4298 488 4362 niabutnr,
514 4304 577 4350 ante
592 4293 627 4349 ab
642 4292 700 4363 ipso
714 4292 790 4360 juata
803 4289 929 4347 ostiolum
943 4292 1054 4348 stetisse
1066 4294 1146 4349 ciras·
1196 4299 1311 4366 seipsam
1331 4296 1567 4366 contemplantem.
1592 4297 1725 4369 Oportere
1748 4300 1833 4371 igitur
1852 4313 1881 4357 et
1902 4302 1982 4373 ipsict

352 4397 434 4454 matis
443 4391 633 4457 subtremulos,
645 4389 772 4454 miseros,
787 4396 889 4442 tantum
903 4386 1021 4444 nondum
1036 4385 1145 4445 descen·
1196 4384 1257 4442 aliis
1273 4384 1343 4457 apud
1359 4401 1408 4442 nus
1430 4387 1642 4454 aestimavimus,
1657 4373 1934 4462 quauimbposstnite
1945 4409 1982 4449 es·

352 4487 447 4546 dentes
466 4500 482 4540 tt
496 4476 668 4554 propriorum
694 4479 792 4550 pedum
813 4477 998 4534 instabilitate.
1013 4477 1145 4535 Deorsum
1196 4488 1247 4545 set,
1259 4480 1390 4549 replicare
1407 4480 1551 4536 variabiles
1565 4480 1749 4538 deformitates
1763 4483 1798 4539 de
1814 4486 1872 4541 Deo
1883 4478 1981 4557 sentire

352 4587 443 4636 autem
468 4591 484 4632 a
499 4576 638 4631 citasmate
663 4579 802 4642 serpentes
816 4580 922 4641 repere,
934 4579 962 4625 et
973 4571 1047 4625 circa
1062 4572 1145 4641 pedes
1160 4550 1184 4609 Ι)
1200 4571 1268 4626 licae
1281 4584 1376 4626 sacrae
1392 4570 1571 4642 inquinationis.
1583 4570 1660 4640 Quod
1673 4573 1745 4627 enim
1758 4585 1839 4630 extra
1860 4592 1920 4631 carn
1936 4578 1980 4632 bus

351 4685 446 4727 eorum
457 4666 621 4739 suppositos,
630 4662 773 4735 aliquando
787 4661 895 4731 quidem
909 4661 1056 4727 retrabere,
1071 4662 1145 4717 invo-
1198 4663 1272 4720 curtii
1288 4664 1406 4733 repletur
1418 4662 1568 4718 incredibili
1581 4673 1609 4719 et
1622 4665 1757 4721 fictiformi
1773 4646 1979 4735 ntoustrnsitate,

352 4759 423 4815 lutus
447 4756 526 4812 simui
546 4764 571 4809 et
587 4759 765 4824 aggravantes
784 4759 812 4806 et
828 4750 975 4815 trabentes,
999 4751 1144 4821 aliquando
1198 4762 1291 4824 utpote
1305 4754 1333 4808 in
1349 4754 1567 4825 superessentiali
1579 4756 1686 4825 quidem
1701 4758 1792 4812 diuina
1802 4763 1979 4831 generatione,

353 4863 442 4908 auteur
456 4851 582 4906 dentibus
595 4858 642 4904 aut
661 4846 759 4919 palatis
774 4854 964 4910 tumescentes,
982 4853 1029 4900 aut
1047 4848 1145 4902 subirr-
1197 4853 1321 4900 uentrem
1343 4842 1390 4898 liei
1413 4842 1590 4914 corporaliter
1612 4844 1694 4899 Deum
1720 4847 1878 4918 gignentem
1903 4850 1979 4905 reiut.

352 4953 457 5017 gentes,
470 4950 497 4996 et
511 4954 616 5009 seraper
634 4939 661 4993 in
680 4937 816 4993 tristitiam
828 4935 974 4992 immittere
985 4938 1143 4993 maeltinan·
1197 4934 1309 4998 mantis,
1328 4942 1356 4988 et
1369 4932 1481 4987 uerbum
1506 4932 1533 4988 in
1546 4933 1608 4989 aera
1621 4933 1759 5007 profusum
1774 4952 1807 4993 ex
1820 4940 1905 4995 corde
1917 4939 1977 4994 sirii

342 5022 404 5093 'tes
432 5034 497 5090 Esse
522 5039 612 5087 autern
630 5038 658 5083 et
680 5029 754 5081 viros
776 5027 907 5096 quosdam
927 5026 954 5080 in
977 5026 1067 5081 medio
1081 5044 1142 5082 curu
1196 5023 1345 5080 eructantis
1361 5024 1457 5093 ipsum,
1473 5032 1500 5079 et
1522 5024 1644 5095 spiritum
1657 5027 1825 5098 exspiratum
1839 5031 1874 5086 ab
1884 5032 1979 5086 orode·

352 5125 533 5200 serpentibus,
549 5129 642 5177 eontra
656 5120 730 5174 tirus
748 5117 961 5188 superadjectos,
986 5129 1144 5175 concutien-
1197 5115 1352 5180 scribentis,
1369 5123 1395 5170 et
1410 5115 1485 5169 sinus
1498 5115 1553 5171 ileo
1578 5116 1705 5173 fecundos
1718 5121 1821 5190 gremio
1838 5132 1974 5191 gestantes,

352 5229 393 5277 tes
403 5219 482 5277 simui
497 5226 525 5274 et
535 5215 721 5272 subvertentes
732 5218 759 5266 et
769 5210 963 5281 percutientes.
978 5208 1143 5271 Videbantur
1196 5211 1281 5268 Deum
1291 5211 1374 5265 iulium
1386 5208 1561 5280 corporaliter
1574 5211 1652 5270 nobis
1663 5211 1808 5284 hudarrtis,
1822 5227 1868 5273 aut
1878 5216 1975 5289 plsuta·

351 5321 441 5368 autem
457 5322 519 5367 esse
539 5305 574 5363 ad
585 5303 805 5374 interrogandum
819 5300 869 5369 iiii,
889 5304 1019 5373 quaedem
1033 5306 1142 5376 quidem
1198 5307 1246 5364 tim
1261 5306 1329 5362 baec
1346 5303 1495 5375 ligurantis,
1510 5312 1538 5361 et
1550 5304 1662 5362 arbores
1673 5309 1806 5378 quasdam
1827 5319 1855 5366 et
1869 5308 1971 5364 frutices

1010 5418 1138 5478 tantbs
1161 5419 1359 5481 becelonis

388 5518 455 5575 ’ΒΗ
475 5514 551 5600 petit.
589 5510 658 5567 'tit
684 5511 938 5575 commorientium
963 5511 984 5566 B
1008 5517 1223 5572 commestione.
1263 5516 1319 5570 ’et
1349 5513 1471 5573 lateranis
1494 5529 1550 5573 ont.
1571 5511 1626 5570 till.
1663 5516 1774 5595 lindos·
1798 5518 1857 5577 τίω
1874 5530 1964 5575 nm

351 5590 493 5648 secerdote.
530 5582 602 5639 'te
628 5590 793 5654 apparerent.

1110 5674 1212 5741 dost.

268 5781 274 5790 ·
367 5782 405 5817 Ν
419 5771 480 5835 det.
494 5765 561 5833 diii.
