4167 6625
411 363 465 423 sto
1096 352 1239 415 ioannis
1259 353 1357 412 scon
1940 378 1972 433 ,u

412 477 510 537 lanians
523 475 597 533 θεν
612 475 783 547 pergratiam
798 487 900 541 eoram,
910 486 979 544 qnae
989 480 1062 538 runt,
1075 471 1242 543 rapiemert
1257 470 1319 526 dam
1347 469 1444 526 talibus
1457 472 1625 544 congruebat,
1635 475 1787 549 attentarat
1799 480 1824 535 in
1842 483 1916 554 dmm,
1932 499 1976 550 gg

412 572 532 641 notitiam
558 586 604 643 per
625 571 709 643 iprum
723 568 759 623 mi
779 567 790 597 ¹
809 564 1000 643 deificationem
1025 566 1107 621 animi
1128 573 1206 645 etque
1256 562 1313 630 ejas
1334 562 1374 615 rei
1393 559 1506 617 utilitate
1525 563 1802 624 alienarentnreaeirri
1810 582 1874 645 atque
1888 578 1975 651 tmen,

412 680 505 725 scuras
532 662 789 723 transmutationem.
816 656 860 714 Sic
879 658 1059 730 accipiendam
1080 659 1112 714 de
1135 658 1206 729 tigno
1256 658 1499 739 sequanenses
1519 668 1641 731 tempore,
1667 662 1732 729 sicat
1745 661 1809 723 Dens
1830 668 1917 738 roieiat,
1931 694 1976 737 orca

408 757 490 830 jrt‘rta
505 755 625 812 omnihus
638 752 764 821 toiegtem
780 749 899 822 coaptari
920 765 1065 820 anagogen.
1088 747 1205 814 thunre,
1256 752 1355 814 tierent,
1377 759 1480 835 possent
1499 768 1530 808 ea
1547 753 1688 812 salubriter
1710 758 1812 828 perimi.
1837 760 1884 818 tter
1901 767 1976 830 iias„

415 864 497 920 quant
510 846 632 918 pulchre,
650 858 730 917 qnam
748 851 850 914 aperte,
867 839 931 924 quid
946 839 982 894 sit
1005 839 1106 915 iignum
1119 838 1207 894 scien·
1256 853 1361 912 propter
1374 841 1490 916 aliquos,
1505 853 1533 898 at
1553 844 1588 914 ¹¹,
1610 846 1636 903 ιι
1652 847 1720 923 [orte
1738 849 1829 919 iignum
1844 854 1898 911 tttst
1913 869 1976 921 arrd

413 940 467 997 tiae
482 939 545 994 boni
561 947 587 993 ct
607 936 684 1011 mali,
698 935 819 1007 exponit.
833 933 881 993 Est
892 931 975 1001 enim,
988 941 1017 988 ut
1032 932 1089 1003 ipse
1103 930 1150 996 ιιι,
1166 930 1207 986 ri·
1256 930 1451 1002 proprietatem,
1467 944 1494 989 ut
1513 953 1599 991 rerum
1622 937 1721 1008 tignum
1743 950 1766 995 et
1786 959 1839 997 rere
1862 964 1920 1016 porro
1935 957 1975 1024 gg,

416 1028 533 1085 sibilium
545 1040 635 1095 rprtrm
652 1033 759 1091 natura,
773 1039 842 1094 quae
856 1020 1035 1093 spiritualiter
1048 1021 1074 1077 in
1093 1020 1206 1076 rationi·
1257 1022 1302 1077 red
1324 1024 1360 1078 ott
1373 1025 1487 1095 fiqarom
1509 1026 1585 1081 aetint
1603 1030 1730 1099 arripere,
1755 1031 1855 1088 inierat
1867 1028 1975 1097 eoitm'm

415 1123 467 1177 bns
487 1117 705 1187 snisintellecta,
729 1116 870 1172 scientiam
897 1114 961 1170 bo'ni
986 1122 1014 1169 et
1039 1112 1206 1186 spiritualem
1256 1132 1331 1186 quem
1347 1128 1417 1172 recto
1441 1117 1495 1187 ilde
1525 1120 1682 1190 veritateque
1699 1121 1856 1191 prohabilem.
1876 1127 1974 1201 seipse

412 1209 532 1268 trucium
556 1206 766 1291 intelligentibus
796 1220 858 1271 enni
883 1212 1002 1277 praestat
1025 1219 1033 1258 a
1061 1203 1208 1259 carnaliter
1257 1204 1329 1262 intus
1351 1194 1478 1281 magister
1495 1210 1660 1282 hrrgnstinus
1681 1213 1705 1253 ¹¹
1724 1213 1825 1268 nitetur
1839 1217 1895 1272 hune
1909 1236 1976 1279 seona

414 1290 480 1358 r'crn
498 1310 527 1359 ct
541 1299 684 1357 libidinose
699 1297 896 1371 appetentibus,
918 1304 945 1352 et
966 1296 1157 1367 intemperate,
1179 1304 1208 1351 et
1257 1297 1291 1355 de
1320 1296 1453 1373 spirituali
1480 1302 1608 1371 paradiso
1626 1318 1676 1358 nec
1705 1302 1831 1371 refellere,
1849 1323 1886 1362 nec
1901 1310 1976 1380 holan,

414 1404 510 1465 contra
531 1393 604 1465 leges
627 1386 732 1445 dininas
746 1386 919 1457 abutentibus
942 1384 1110 1443 mortiterum
1125 1386 1208 1443 inient
1257 1404 1334 1445 more
1353 1406 1403 1451 stro
1425 1391 1516 1458 solito,
1539 1411 1593 1464 qno
1608 1396 1675 1455 arros
1698 1398 1832 1467 paradisos
1853 1405 1973 1472 astuitese,

414 1486 566 1555 scientiam.
583 1482 621 1538 hc
635 1498 683 1555 per
696 1482 749 1539 hor.
759 1496 811 1536 non
825 1480 852 1534 iu
868 1481 926 1551 ipsa
938 1490 1033 1535 natura
1046 1495 1127 1535 carisa
1143 1478 1206 1534 mall
1257 1497 1341 1551 unum
1356 1484 1463 1561 quidem
1480 1495 1615 1542 terrenum
1636 1489 1802 1560 localemque
1823 1496 1973 1571 secuninopn

414 1588 455 1634 est
470 1577 628 1637 constituta,
645 1574 693 1629 sed
714 1573 741 1627 in
755 1571 922 1627 abutentium
939 1570 1208 1640 intemperantiam
1257 1574 1401 1644 prietatem
1422 1592 1512 1631 rernm
1533 1578 1712 1643 sensibilium,
1728 1580 1836 1637 alterum
1854 1588 1976 1639 senonim

413 1672 480 1727 haec
492 1678 534 1727 est
544 1669 601 1741 ipsa
618 1666 726 1735 rrrrrlier,
741 1665 794 1731 rel,
811 1673 841 1719 ιιι
855 1664 892 1721 ιιι
908 1665 1008 1730 alicam,
1028 1666 1079 1720 hoc
1090 1672 1131 1720 est
1143 1661 1207 1720 iliud
1258 1654 1439 1741 spiritualem,
1462 1667 1496 1722 ad
1523 1669 1600 1740 errius
1625 1669 1739 1741 ligoram
1765 1682 1874 1728 terrenus
1889 1674 1978 1745 illenqre

412 1762 526 1835 lignum,
542 1760 576 1815 de
589 1773 643 1830 quo
664 1757 794 1815 Dominus
811 1756 876 1811 dicit
893 1773 900 1811 :
922 1755 974 1822 Qui
996 1755 1089 1810 uiderit
1111 1756 1206 1810 uiuite·
1258 1748 1393 1813 sensibilis
1409 1758 1495 1814 tactus
1509 1769 1560 1814 cst.
1580 1760 1655 1816 urse.
1670 1760 1722 1829 Qut
1736 1762 1815 1818 siodc
1829 1763 1979 1845 ligmprohthin

330 1902 334 1909 ,
412 1867 467 1907 rem
486 1850 521 1909 ad
534 1845 767 1918 concupiscendum
789 1863 858 1911 eom,
878 1846 937 1917 jorn
955 1846 1104 1901 morciaotns
1118 1857 1157 1901 ert
1180 1848 1208 1903 ira
1224 1821 1246 1883 Β
1260 1860 1381 1911 sensere,
1401 1862 1453 1903 non
1481 1848 1546 1902 mihi
1574 1848 1701 1905 ridentur
1725 1850 1834 1911 veritate
1856 1851 1873 1883 ¹¹
1893 1856 1978 1909 mirre

413 1943 492 1998 corde
505 1957 564 1997 ruo.
580 1936 759 1995 Materialinm
776 1938 909 2009 siqnidem
927 1938 1084 2010 superlicies
1105 1954 1207 2004 rernm,
1261 1936 1323 1992 Veri
1336 1939 1469 2008 siquidem
1487 1939 1574 1995 simile
1589 1948 1640 2007 est,
1656 1941 1786 2012 valdeque
1803 1946 1979 2001 rectaeratirla·

412 2035 476 2091 oum
498 2034 535 2101 su
558 2032 719 2089 naturatum
741 2031 865 2103 potense,
887 2032 995 2089 incarne
1017 2042 1045 2088 er
1067 2032 1210 2091 libidinose
1261 2028 1325 2081 nom
1342 2043 1502 2099 congruum,
1515 2030 1687 2096 rit-arbitror.
1709 2032 1838 2087 hominen
1852 2033 1979 2089 vctitrtmu

413 2126 539 2181 sensibus
558 2140 617 2180 eant
634 2123 866 2180 considerantium
879 2122 976 2180 mortis
993 2122 1207 2179 intertoccasio·
1259 2119 1333 2175 nesci
1362 2121 1547 2188 inchoantem,
1580 2124 1737 2194 cognitione
1765 2124 1875 2180 vilelicet
1895 2127 1981 2180 sensillh

412 2229 486 2272 nem.
501 2213 639 2271 visibilem
654 2223 935 2285 namqoecreaturam
951 2214 985 2269 ad
999 2213 1135 2270 bocllcus
1147 2229 1210 2271 con·
1259 2211 1392 2267 materiae
1411 2227 1460 2282 per
1484 2227 1631 2283 corporeos
1659 2229 1756 2281 sensus
1780 2215 1846 2269 abuti
1866 2230 1982 2291 prasinos

415 2306 493 2371 didit,
506 2314 533 2365 ot
551 2321 601 2377 per
624 2320 695 2372 eam,
712 2305 784 2361 sicut
805 2320 854 2377 per
876 2303 1049 2369 invisibilem,
1080 2302 1139 2359 iaus
1152 2304 1210 2373 ejus
1260 2308 1326 2369 tem,
1340 2316 1372 2357 ex
1386 2303 1450 2375 ligni
1462 2304 1533 2359 ritae
1547 2304 1701 2371 dulcedine,
1728 2308 1779 2363 hoc
1792 2316 1837 2370 est
1861 2308 1889 2369 ab
1906 2308 1981 2371 insonae

414 2400 609 2465 cumularetur,
624 2408 652 2453 et
666 2404 876 2468 cognosceretur
900 2397 957 2468 ipse
980 2397 990 2428 ¹
1013 2412 1067 2452 non
1080 2397 1207 2468 quidest,
1259 2394 1505 2465 contemplationis,
1529 2395 1554 2449 ln
1580 2404 1679 2465 quaet
1701 2397 1734 2451 ad
1755 2412 1829 2468 quam
1848 2398 1981 2459 conditura

414 2489 462 2555 μᾶ
474 2489 538 2559 quiq
551 2497 593 2544 est
606 2502 675 2544 ugus
694 2488 705 2518 ι
723 2487 805 2542 totius
826 2496 969 2543 creaturae
986 2487 1101 2543 visibilis
1118 2496 1146 2543 gt
1165 2489 1208 2543 jn.
1259 2482 1365 2538 deliciis
1375 2484 1528 2552 justissimo
1542 2487 1691 2542 conditoris
1700 2487 1799 2558 iudicio
1808 2490 1922 2561 expulsum
1933 2488 1981 2542 iu‘est

414 2578 529 2637 risibilis
543 2578 675 2634 conditor.
691 2577 807 2649 ideoque
823 2577 964 2634 interdixit
986 2578 1059 2634 Dens
1074 2578 1208 2634 humanae
1259 2574 1420 2630 existimari.
1436 2574 1504 2631 Nam
1530 2578 1552 2632 si
1581 2577 1737 2633 rationabili
1761 2579 1909 2650 rtatrrraliqne
1925 2579 1981 2631 ontio

413 2680 544 2735 naturae.
571 2669 669 2725 risibili
695 2670 849 2729 'creatura
872 2669 1023 2739 delectari,
1049 2670 1207 2743 priusquam
1259 2665 1456 2738 ingrederetur,
1481 2666 1578 2734 idest,
1605 2670 1626 2725 si
1651 2684 1751 2727 causae
1769 2669 1791 2704 ¹⁸
1811 2652 1910 2726 norisium
1928 2686 1981 2724 nno

411 2762 516 2833 sentiret
530 2761 563 2816 ad
585 2760 780 2833 perlectionem
803 2760 964 2835 sapientiae,
988 2761 1015 2819 ιιι
1038 2746 1091 2831 qna
1116 2769 1209 2835 posset
1260 2759 1380 2814 theoriae
1396 2760 1512 2830 primum
1536 2762 1656 2832 quidem,
1677 2764 1775 2820 deinde
1790 2765 1982 2831 rontonnacum

411 2852 536 2921 deificata
560 2852 594 2909 de
619 2852 769 2908 rationibus
792 2866 883 2908 rernm
897 2851 1045 2907 visibilium
1068 2867 1129 2908 cum
1153 2851 1208 2908 lieo
1259 2848 1439 2919 dumquaset
1460 2850 1486 2905 ln
1509 2851 1606 2920 quibus
1628 2854 1721 2909 omnia
1745 2853 1812 2910 iacta
1831 2864 1892 2919 sont,
1909 2852 1982 2927 phata

413 2932 560 3018 disputare.
576 2944 630 3000 Nec
646 2943 689 3001 iiia
704 2942 810 3011 mulier,
827 2942 946 3000 carnalis
958 2943 1087 2998 virleticet
1099 2958 1206 3009 sensus,
1259 2936 1410 2994 intentione
1434 2938 1590 2996 itttetetttr:
1606 2958 1696 3013 neque
1721 2944 1870 3016 intelligibili
1888 2958 1933 2999 err
1943 2941 1982 3013 igni

413 3040 448 3095 ad
470 3040 676 3111 delectationem
701 3037 848 3095 rnamrialis
870 3047 1014 3094 creaturae
1036 3037 1207 3093 extrinsecos
1258 3031 1338 3095 ritae,
1355 3033 1626 3091 interno¹⁸ridclieet
1640 3036 1749 3094 divinae
1763 3035 1982 3109 sapientiaemnuita,

411 3131 598 3187 consideratae
620 3130 723 3187 valeret
745 3129 844 3190 nirnm.
860 3129 981 3183 animum
996 3127 1057 3184 dico
1076 3126 1098 3193 ⁸,
1122 3134 1207 3182 attra·
1260 3124 1455 3193 recluderetur,
1480 3141 1604 3198 nequeo
1642 3129 1665 3161 ¹⁶
1681 3144 1730 3186 esu
1753 3130 1833 3186 illiciti
1849 3130 1912 3201 poni,
1925 3124 1983 3195 agri

413 3221 491 3287 herc,
508 3219 532 3293 sl
554 3220 628 3299 prius
641 3219 780 3281 creatoris
793 3220 985 3303 cognitionem,
1000 3234 1081 3289 qoam
1102 3194 1243 3277 creato-(i
1259 3217 1331 3271 tione
1345 3216 1448 3273 scilieet
1465 3217 1580 3274 risibilis
1595 3221 1738 3287 materiae,
1754 3234 1867 3292 'congruo
1877 3227 1982 3284 monnone

412 3309 565 3376 recredet
586 3309 695 3365 habere.
718 3309 789 3366 Ordo
814 3310 905 3386 itaque
926 3310 1033 3367 diuinae
1055 3308 1204 3381 legiserat,
1259 3317 1378 3379 tempore
1391 3307 1526 3379 perfectae
1545 3325 1610 3367 suae
1637 3313 1798 3383 sapientiae,
1828 3327 1867 3384 qna
1886 3309 1943 3364 haurn
1960 3312 1981 3358 et

411 3402 530 3480 primurn
545 3397 701 3468 Creatorem
722 3389 884 3469 cognoscere
906 3398 1019 3469 eiusque
1041 3395 1204 3455 ineffabilem
1256 3409 1456 3473 coriscquenter
1475 3413 1629 3459 creaturam
1651 3395 1756 3478 absque
1768 3399 1982 3465 uiloermreollisqne

411 3492 651 3566 pulchritudinem,
670 3489 767 3552 deinde
780 3498 934 3546 creaturam
955 3490 1108 3546 rationabili
1122 3506 1204 3546 senso
1257 3493 1375 3550 carnaiis
1392 3492 1629 3566 concupiscentiae
1654 3491 1869 3552 delectationibus
1886 3501 1982 3561 umuti-

410 3585 512 3660 mentjs
527 3584 636 3656 potibus
648 3584 852 3670 obtemperante
867 3583 1050 3650 considerare,
1067 3591 1205 3655 totamque
1256 3593 1310 3662 ret,
1322 3585 1520 3654 prohiberetur.
1542 3583 1715 3656 Impossibile
1736 3587 1829 3658 qnippe
1846 3589 1888 3648 est,
1899 3577 1982 3650 agnitio

411 3677 498 3752 ipsius
510 3674 749 3748 pulchritudinem,
765 3674 822 3730 sire
845 3674 961 3729 interius
986 3675 1013 3729 in
1040 3673 1204 3742 rationibus,
1256 3693 1317 3733 nem
1333 3687 1474 3733 creaturae
1486 3665 1615 3749 impedire
1627 3675 1649 3709 ¹⁷
1663 3677 1815 3734 rationabili
1823 3675 1917 3754 animae,
1926 3672 1981 3735 tama

409 3772 469 3844 gire
478 3770 599 3840 aterius
617 3769 644 3851 in
656 3766 751 3824 termis
763 3766 945 3832 sensibilibus,
957 3766 990 3822 ad
1004 3765 1110 3822 laudem
1123 3765 1206 3822 Crea-
1256 3767 1375 3846 perieota
1390 3766 1581 3840 contemplatio
1593 3767 1733 3826 creatoris
1755 3768 1842 3839 incipit
1859 3764 1935 3819 locere
1953 3753 1982 3810 lli

413 3862 482 3924 toris
510 3860 623 3932 reterre.
647 3857 725 3920 Hune
752 3867 843 3916 autem
862 3857 969 3913 divinae
992 3857 1060 3931 legis
1080 3857 1203 3913 ordinem
1255 3875 1320 3914 roro
1333 3858 1481 3928 speculatio
1504 3867 1618 3926 naturae
1641 3860 1768 3916 conditae
1788 3853 1912 3915 conditoris
1927 3845 1982 3914 agni

411 3956 493 4018 homo
509 3955 689 4030 superbiendo
708 3967 850 4028 spernens,
867 3950 1005 4009 Creatoris
1022 3951 1064 4008 sni
1083 3965 1202 4008 amorem
1257 3935 1356 4004 tionem
1370 3947 1518 4018 praecedit,
1542 3948 1670 4019 quoniam
1696 3945 1839 4020 phantasiis
1859 3950 1883 3997 et
1896 3931 1981 3993 tumbis

413 4053 441 4099 ct
455 4044 636 4118 cognitionem
655 4042 804 4098 materialis
827 4051 968 4098 creaturae
994 4040 1123 4097 exteriori
1141 4039 1202 4111 pol·
1253 4055 1347 4122 rerum
1360 4038 1528 4095 sensibilium
1539 4053 1634 4108 carere
1646 4055 1701 4096 non
1713 4045 1807 4111 potest,
1821 4035 1981 4102 nonquanant

412 4133 557 4190 chritodini
571 4135 734 4210 postposuit,
746 4148 778 4194 ac
800 4132 914 4203 perhoc
934 4131 1082 4203 periculum
1095 4131 1203 4188 divinae
1255 4130 1352 4194 decrit,
1378 4130 1430 4184 nisi
1454 4129 1480 4182 io
1506 4129 1560 4195 his,
1581 4130 1627 4199 qui
1653 4129 1739 4185 diuini
1762 4126 1826 4183 raohi
1839 4117 1982 4198 splenion-u

413 4211 607 4300 indignationis
629 4221 752 4288 incurrit,
766 4229 934 4291 mortemque
946 4221 956 4252 r
968 4220 1090 4290 corporis
1104 4229 1131 4275 et
1145 4220 1202 4277 ani·
1254 4219 1356 4294 pertusi
1371 4228 1493 4302 ,rectae
1519 4217 1759 4292 contemplationis
1777 4215 1876 4273 semitas
1893 4210 1979 4275 arpen.

412 4329 473 4372 niae
501 4314 638 4386 totiusque
666 4321 779 4369 naturae
809 4312 989 4384 perditionem
1013 4309 1117 4379 incidit,
1138 4313 1202 4384 quia
1253 4313 1358 4386 seipsos
1370 4320 1397 4368 ct
1414 4311 1498 4368 [teum
1518 4326 1596 4366 suom
1610 4319 1783 4381 quaerentes,
1795 4310 1819 4364 iu
1833 4303 1911 4377 quihus
1926 4291 1981 4365 ills*

410 4405 518 4460 diuinae
540 4403 607 4477 legis
625 4401 802 4475 justissimam
823 4401 1087 4474 pulcherrimamque
1104 4403 1202 4460 seriem
1254 4414 1298 4461 cto
1315 4405 1453 4476 creatoris
1476 4402 1595 4473 cognitio
1613 4411 1757 4459 creaturae
1773 4395 1980 4471 coguitionrnpttt

410 4494 538 4550 serrare·
551 4491 679 4566 neglexit.
692 4491 805 4549 llaacde
815 4489 888 4565 ligno
898 4492 1033 4565 prohibito
1045 4485 1141 4550 'seorsus
1155 4495 1203 4550 ho·
1254 4497 1336 4555 cellit.
1355 4495 1413 4551 Non
1430 4510 1495 4567 ergo
1508 4501 1633 4551 creatura
1651 4495 1723 4551 mala
1743 4503 1793 4572 est,
1817 4501 1889 4559 neque
1904 4479 1980 4551 eiusce

410 4585 574 4646 norahllium
594 4584 702 4640 divinae
721 4583 879 4656 scripturae
900 4585 1083 4656 expositorum
1099 4588 1203 4659 perspi·
1216 4559 1243 4640 9
1254 4589 1339 4663 gnitio
1357 4589 1395 4656 ¹⁸,
1408 4586 1455 4644 sed
1469 4601 1613 4658 perversus
1627 4587 1795 4643 rationabilis
1815 4583 1902 4638 romae
1917 4575 1978 4626 notus

411 4678 512 4734 cientes
525 4679 652 4740 diximus.
668 4677 744 4733 Hune
763 4677 846 4734 etiam
860 4692 970 4735 sensum
991 4688 1101 4736 sanctos
1121 4680 1202 4737 Pater
1254 4699 1307 4755 qno
1330 4669 1479 4740 conditoris
1507 4679 1720 4750 speculationem
1745 4677 1847 4740 deserit,
1867 4680 1888 4728 et
1904 4665 1979 4758 abeli

411 4768 576 4834 Augustinus
599 4769 626 4823 io
650 4769 792 4826 undecimo
811 4765 938 4826 Excmeri
960 4770 1002 4825 sui
1028 4770 1177 4828 introduxit
1193 4790 1200 4826 ι
1252 4775 1396 4832 libidinoso
1411 4773 1557 4843 illicitoque
1580 4773 1701 4844 appetito
1716 4772 1743 4826 in
1770 4780 1877 4825 amarent
1890 4749 1980 4851 sulii}

416 4858 585 4921 donantem,
600 4859 712 4927 inquit⁰,
724 4860 826 4930 ignoro,
842 4860 996 4930 quibusdam
1007 4863 1155 4919 risamesae
1167 4864 1200 4931 ¹⁸,
1254 4868 1384 4925 materiae
1411 4865 1558 4923 mortiferis
1572 4863 1594 4898 ¹’
1613 4863 1751 4936 gressibus
1773 4861 1859 4924 flectit,
1880 4849 1934 4908 llil·
1945 4854 1979 4895 '¹¹⁵¹

410 4947 575 5017 testinatione
587 4951 757 5018 praeuertisse
769 4948 828 5003 ittor
840 4951 956 5006 homines
968 4957 1109 5024 appetitum
1120 4957 1201 5012 acier-
1252 4961 1327 5029 prius
1339 4957 1429 5015 dirina
1446 4956 1532 5029 gratia
1547 4954 1670 5020 liberata,
1686 4955 1773 5011 redire
1793 4966 1841 5008 non
1857 4930 1979 5036 manahe

410 5041 463 5096 tiae
477 5040 537 5095 honi
561 5049 586 5095 et
610 5038 684 5105 maii,
713 5052 737 5095 et
757 5043 898 5098 immaturo
926 5055 1041 5114 tempore
1069 5048 1199 5117 percipere
1252 5065 1332 5105 mana
1353 5037 1485 5119 siqnidem
1507 5047 1715 5124 maturantem
1735 5053 1838 5101 sanctus
1856 5034 1977 5122 gapuanus

410 5129 534 5200 saisisse,
560 5130 629 5202 qaod
640 5131 677 5186 cis
700 5130 811 5185 diturum
837 5135 1008 5205 opportunius
1026 5137 1197 5203 servabatar;
1252 5138 1347 5193 idonea
1362 5135 1412 5192 tuit
1426 5125 1474 5216 per
1485 5136 1599 5192 liberum
1614 5135 1756 5192 arbitrium
1771 5121 1976 5187 reuenirent·

407 5222 487 5296 itique
505 5223 587 5298 eqisae
605 5229 769 5289 tentatorem,
795 5231 823 5277 nt
834 5225 1032 5296 praecerpendo,
1048 5227 1118 5298 quod
1133 5244 1197 5283 ron·
1250 5244 1316 5285 nero
1332 5229 1473 5286 uulnerata
1487 5238 1514 5285 et
1526 5228 1657 5296 sauciata,
1679 5228 1774 5287 idonea
1786 5239 1835 5282 non
1846 5206 1976 5287 &spille

1041 5361 1171 5434 nemeti
1190 5362 1391 5436 suestanus

443 5504 776 5574 ‘SicGF3Acuntllcm
814 5502 1040 5589 'streugam
1065 5505 1274 5576 ‹iiprsqgffih
1312 5504 1591 5589 tsicdmnrrias.
1629 5475 1976 5603 ‘SichtiiFoiriiiiiau'JZ

406 5578 465 5663 CF}
479 5577 504 5633 Δ
519 5575 861 5659 salutatem-attraheret.
898 5574 1182 5679 ιιιιιιιιιιιῃιιιοιιειι.Ι
1200 5574 1383 5642 'hiemasse
1414 5576 1619 5684 ,;.ᾼιιιιιιιι,ειι.ι,.Ι
1652 5574 1673 5607 ¹⁸
1686 5573 1729 5645 tlt}
1743 5578 1897 5683 ,aiemssm'g
1914 5631 1974 5678 mu.

407 5647 656 5782 rueanra
670 5645 784 5778 err
806 5655 846 5754 r·
859 5644 1021 5774 neth
1049 5644 1406 5788 turtureus..
1445 5644 1643 5784 usitat
1656 5650 1836 5788 emt...
1868 5697 1916 5752 ι
1931 5698 1974 5745 ι

410 5783 552 5858 tiierirqtte.
679 5779 683 5788 ’
1144 5787 1147 5795 ’
1224 5789 1227 5796 ’
1369 5773 1397 5790 '¹
1599 5783 1604 5798 ³
1642 5783 1646 5790 ⁵
1729 5781 1732 5786 ¹
