4167 6625
45 2329 61 2362 n
157 2314 337 2388 crispetur

58 497 62 506 Ι
135 413 198 473 teti
732 421 915 482 EPiSTOLAE
934 425 1169 486 crucensis
1694 433 1774 500 12⁶&

50 511 61 610 μ’
136 527 255 600 pavent,
270 530 298 579 et
308 520 399 593 jamia
411 533 500 582 vestra
513 526 541 585 bi
552 528 599 600 qui
616 528 675 587 sine
686 530 742 589 lieo
759 541 824 596 suoi¹
834 542 914 602 acuta
928 538 996 600 Aet
1006 553 1058 609 pro
1071 540 1246 600 simulatione
1269 544 1370 616 potiori
1397 559 1469 603 nexu
1496 545 1634 621 liqsberis.
1654 550 1761 610 Etenim

136 613 275 688 reperiant.
291 613 361 682 Quin
372 615 489 688 penitus,
507 620 655 678 secondom
666 620 838 694 Apostolum,
865 639 919 682 non
970 628 1063 687 divino
1075 631 1163 688 lemur
1189 633 1418 708 praemodico.
1438 637 1507 709 xvv),
1520 638 1583 709 quia
1597 638 1678 698 bomo
1689 641 1765 700 ridet

49 763 55 786 ‚
135 707 167 765 sit
178 704 253 762 vobis
265 704 420 763 colluctatio
432 709 563 767 aduersus
574 724 685 768 carnem
702 721 731 770 et
746 715 918 787 sanquinem,
969 719 998 776 lu
1026 722 1132 788 taciem,
1149 723 1221 781 bens
1234 734 1326 782 autem
1339 739 1388 782 cor
1410 725 1541 784 intuetur.
1555 727 1763 801 Erqooedele·

49 787 64 892 ξ’
135 800 159 855 iti
171 804 212 855 est
224 793 361 861 homines,
376 797 423 854 sed
437 800 567 857 adversus
576 802 712 873 principes
720 810 749 859 et
758 812 920 875 potestates,
968 813 1091 871 cterisiu
1104 813 1215 880 inimic,
1229 815 1277 871 sed
1292 830 1408 888 superna
1418 817 1509 874 cordis
1526 817 1633 877 intuere
1654 834 1763 892 semper

50 949 63 976 .·.
134 887 362 946 advertusmundi
376 897 497 948 rectores
510 892 684 949 tenebrarum
701 894 809 962 barum,
823 904 919 954 eontra
968 904 1117 962 olttutibos
1147 904 1254 964 Caduca
1278 916 1342 964 sunt
1365 923 1427 979 quae
1448 917 1607 977 cernuntur,
1621 925 1683 981 qum
1697 924 1767 969 veto.

48 977 61 1052 ς
133 974 259 1051 spiritalia
271 977 400 1048 nequiliae
409 977 437 1034 in
448 978 604 1037 eoeidiiibtls
612 980 721 1054 (Ephes-
731 982 782 1057 vl).
793 983 919 1055 Alioquin
968 1009 1022 1052 pon
1036 996 1165 1054 videmur
1173 999 1448 1056 amp-pacominum,
1463 1000 1523 1057 Noli
1537 1016 1603 1075 ¹⁰8⁰
1615 1018 1665 1074 ppp
1677 1012 1764 1061 tem·

48 1055 65 1154 ᾗ
122 1082 239 1128 manum
262 1067 419 1140 apostolice
435 1070 509 1127 sedis
521 1087 584 1128 cum
598 1074 694 1130 eodem
704 1074 830 1146 piissimo
844 1075 920 1146 prin·
968 1085 1159 1156 niscoebsstia,
1173 1088 1387 1162 provisibilibus
1401 1089 1752 1165 gaudiisperdereqaudia,

56 1157 63 1168 '
131 1161 188 1232 cipe
198 1158 306 1216 iortiter
315 1175 376 1216 esse
385 1162 551 1233 cognoscite.
563 1171 592 1220 ei
606 1179 683 1220 arms
697 1175 790 1222 noim
806 1165 844 1221 illi
859 1181 920 1222 mu·
968 1189 1029 1246 quae
1038 1177 1147 1248 quidem
1160 1192 1211 1241 nec
1220 1177 1336 1247 cogitari
1351 1176 1498 1236 sufficiunt.
1512 1177 1609 1239 Nullus
1622 1181 1672 1236 tibi
1686 1180 1763 1238 blan-

48 1225 51 1326 Τ
130 1251 227 1308 nimina
242 1248 410 1307 calidissima
428 1253 613 1318 conferentia,
628 1270 736 1312 summo
756 1257 920 1328 agonotheta
968 1265 1075 1332 diatur5
1095 1266 1142 1336 qui
1167 1267 1240 1322 enim
1266 1275 1296 1322 te
1317 1266 1487 1332 beatificant,
1500 1267 1551 1340 ipsi
1566 1276 1593 1324 te
1613 1269 1762 1337 decipiunt.

48 1323 64 1346 ’
129 1341 203 1398 rtobis
214 1351 407 1408 concertante,
417 1352 445 1399 ct
457 1345 600 1414 beatorum
610 1347 763 1419 principum
778 1349 917 1419 apostolo·
969 1353 1092 1425 benique
1103 1357 1319 1427 quantiscunque
1344 1356 1523 1420 velaminibus
1534 1359 1679 1428 institiaet
1693 1363 1763 1419 veri·

47 1498 58 1524 μ
119 1446 185 1494 ‚rum
199 1429 398 1496 intercessione
407 1443 582 1504 cooperante,
602 1445 752 1508 preparata
764 1439 824 1494 sine
837 1453 919 1495 cune-
952 1450 1011 1498 tas
1023 1444 1185 1512 occultetur,
1199 1445 1362 1518 quandoque
1375 1454 1467 1503 tamen
1491 1448 1665 1519 splendorem
1690 1450 1763 1507 iores

47 1529 61 1612 h·
130 1520 412 1592 mtioneprmnoscite.
427 1523 566 1597 opnncs
585 1527 702 1600 gloriam
713 1538 834 1587 restrum
847 1547 919 1589 nunc
969 1547 1027 1589 sum
1050 1532 1184 1590 claritatis
1209 1534 1325 1598 emittet,
1340 1548 1391 1593 nec
1414 1537 1639 1608 poteritomnino
1660 1539 1764 1597 diutius

47 1615 61 1630 “’
128 1621 155 1674 et
163 1626 274 1683 semper
293 1612 322 1668 in
341 1612 450 1672 cbristo
469 1615 576 1684 vatem,
591 1618 767 1677 dilectissime
779 1619 828 1677 dli.
849 1621 917 1684 liata
967 1620 1329 1681 nubilosacrmdetensionis
1340 1623 1449 1681 obduci.
1461 1624 1550 1694 Quod,
1564 1626 1672 1685 iacente
1694 1629 1762 1696 lieo,

128 1701 464 1784 pridieidusilebpuarips,
476 1707 625 1776 indictione
637 1710 738 1782 prima.
969 1717 1026 1768 tam
1040 1710 1114 1767 sedis
1125 1710 1282 1783 apostolicus
1296 1712 1489 1784 enumquam
1502 1716 1647 1773 rectissimi
1658 1718 1764 1788 princi·

50 1781 61 1812 ²
138 1783 143 1794 “
508 1840 532 1900 v
932 1800 1023 1929 ¹3pir,
1047 1800 1349 1949 cbarissivaidffioct
1369 1802 1418 1858 iiiii
1442 1805 1539 1873 cmtri,
1562 1805 1607 1862 eui
1623 1821 1763 1877 nunquam

535 1883 544 1900 ⁰
971 1890 1102 1949 tortitudo
1114 1891 1194 1963 quanli
1230 1900 1267 1948 ta
1288 1893 1518 1966 quandoflriaeuit,
1534 1897 1764 1970 sedueeplacere

400 1965 435 2018 *Β
453 1971 632 2023 milim-
968 1996 1077 2055 quoquo
1099 1983 1181 2042 modo
1204 1985 1318 2057 poterit,
1333 1983 1528 2057 solicitudine,
1543 1987 1713 2049 radimsuos
1731 1998 1767 2056 ut¹

425 2066 514 2141 (dono
538 2068 614 2142 idi.)
967 2073 1034 2138 toiis
1047 2074 1150 2140 candor
1160 2076 1298 2141 miettdm.

126 2173 310 2262 Weidtadqut,
322 2179 385 2251 quio
401 2180 542 2251 resipuisse
563 2181 708 2268 dimiono,
725 2181 855 2268 bpdociei
865 2184 917 2239 im.
1345 2210 1389 2267 w·
1435 2153 1444 2164 “

157 2258 287 2317 mm
318 2252 917 2392 'offitiaomiinti'iiiiiieirnhtiiit‘ic‘ieiiim'
1182 2340 1223 2382 ars
1236 2341 1377 2385 sntscoros
1396 2341 1554 2416 maante:

49 2417 60 2452 ‘¹'
160 2427 244 2486 Nemo
259 2429 454 2501 plonedubttat
470 2433 572 2490 nullutn
585 2435 857 2508 iacimusesse,quod
869 2416 919 2496 Ee-
967 2436 1104 2494 molarem
1117 2453 1134 2494 o
1147 2437 1372 2521 reiisoidrodom,
1391 2447 1416 2522 ct
1438 2440 1640 2522 supponentibus
1653 2441 1761 2497 monitis

126 2518 635 2595 eeismmstttotctmuspmesuc
657 2525 739 2582 aneo
757 2525 955 2584 cessero·
1138 2553 1142 2558 -
1209 2517 1363 2564 tuomum
1381 2509 1521 2581 usmitai·

44 2601 59 2633 ³³
125 2610 172 2666 bus
186 2611 341 2682 conpescit
354 2611 506 2680 absolvere,
521 2623 549 2670 ct
571 2615 766 2685 penitentibus
782 2614 917 2687 relaxare,
1001 2616 1142 2675 icmarus
1167 2616 1432 2689 episcopusservus
1446 2633 1587 2675 serrorum
1608 2619 1667 2687 bei,
1682 2635 1762 2679 reve·

44 2692 57 2724 ‘³
126 2701 278 2760 suidicitur
293 2720 301 2756 ι
315 2701 485 2775 Quocunque
496 2704 650 2762 dimiseritis
661 2722 741 2777 saper
760 2707 919 2774 tenemi-
967 2705 1132 2764 certissimis
1153 2713 1182 2764 et
1199 2707 1379 2764 sanctissimis
1399 2707 1582 2777 confratribus
1600 2710 1703 2767 nostris
1717 2726 1763 2768 ar·

46 2783 59 2814 ”·
127 2793 200 2848 mimo
209 2801 291 2849 erunt
301 2803 327 2849 st
344 2795 373 2849 in
387 2793 512 2851 coiisset
527 2812 690 2869 nummoque
701 2796 830 2854 coluritir
839 2814 920 2870 cuper
967 2796 1147 2869 ebiepiseopis
1160 2807 1188 2854 et
1205 2797 1380 2870 episcopisin
1397 2813 1480 2871 mnu
1501 2796 1629 2858 bodeviei
1652 2799 1762 2874 gloriosi

43 2875 60 2908 z.
127 2894 228 2953 ursum,
241 2885 492 2943 rciotoerutttetin
505 2887 600 2962 celia(
617 2887 714 2944 Metti.
736 2903 817 2956 xvvtt,
835 2887 917 2950 lona.
968 2887 1040 2960 repis
1052 2887 1218 2947 cumuletis.

43 2973 59 3002 2*
129 2973 183 3046 io).
197 2974 226 3030 lu
251 2974 457 3045 quibuscunque
473 2976 564 3032 omnin
579 2986 652 3044 sunt,
666 2985 877 3049 quantacunque
890 2985 919 3035 et
1003 2975 1082 3033 Sicut
1094 2976 1238 3035 obstinatis
1248 2987 1276 3034 ct
1290 2976 1518 3051 incorrigibilibus
1540 2978 1654 3037 debetur
1673 2980 1763 3037 uindi-

43 3063 61 3092 l
128 3065 323 3139 qualiacunque
345 3065 500 3136 sinbound
514 3069 598 3142 etiam
622 3068 799 3125 incontentia
814 3077 917 3126 tuara-
968 3075 1023 3132 cta,
1044 3066 1082 3121 ita
1097 3066 1358 3138 aconversisatque
1385 3066 1521 3124 correctis
1546 3068 1697 3125 amovenda
1719 3077 1763 3126 est

48 3149 58 3182 ³
129 3155 289 3212 donabiilter
313 3156 513 3213 observandum
526 3166 578 3224 est,
593 3171 647 3230 qua
675 3157 739 3215 licet
749 3157 832 3215 inerit
847 3158 917 3217 obli·
968 3158 1036 3215 ultio
1048 3165 1076 3214 ct
1088 3156 1241 3214 adhibenda
1254 3158 1369 3216 curatio.
1382 3157 1618 3230 Quapropterrtos
1635 3158 1762 3216 Waldra·

41 3245 45 3282 ³
128 3256 199 3319 pata,
209 3249 274 3319 qols
289 3256 392 3318 mmeo,
407 3249 478 3305 sieut
489 3250 648 3317 multorum,
660 3250 708 3307 ced
729 3249 863 3322 precipue
875 3248 916 3307 dl·
929 3215 953 3279 c
968 3249 1020 3318 dae,
1034 3264 1095 3337 quae
1105 3247 1252 3305 multorum
1271 3256 1303 3305 ut
1324 3248 1442 3307 rebmur
1454 3253 1628 3309 attestatione
1638 3266 1654 3306 a
1665 3252 1761 3324 pristi-

42 3336 59 3372 ³²
128 3339 263 3398 lectissimi
276 3341 421 3400 iliinostrl
434 3342 777 3402 budoviciclemeotisslmi
790 3343 915 3418 semusti,
966 3342 1010 3400 nis
1018 3349 1047 3399 et
1058 3340 1161 3398 illicitis
1174 3338 1317 3400 affectibus
1338 3341 1372 3398 ad
1392 3342 1562 3400 sabutiicrum
1584 3344 1762 3402 correctionis

42 3434 55 3465 i·
128 3429 172 3484 coi
187 3430 591 3491 idesincmnibosadbiuenda
604 3444 656 3500 cot,
672 3434 807 3491 relatione
821 3434 917 3492 didici·
965 3434 1018 3492 iter
1036 3449 1166 3491 conversa
1180 3441 1234 3501 est,
1253 3434 1372 3492 remedia
1401 3434 1584 3492 miserationis
1608 3435 1763 3508 apostolous

48 3518 57 3543 ““
130 3539 200 3593 mus,
215 3541 324 3595 anmvo,
334 3544 389 3600 quo
401 3528 539 3586 tenebaris
553 3528 696 3592 obstricta,
712 3528 860 3599 resipuisse
872 3526 915 3585 di·
965 3525 1039 3583 sedis
1054 3524 1184 3582 exbibete
1194 3525 1375 3591 consensisse,
1390 3524 1520 3597 illamque
1533 3525 1641 3582 vinculo
1653 3539 1760 3583 excom·

42 3602 55 3644 '4
128 3615 207 3682 ceris,
222 3624 255 3674 et
263 3617 298 3676 ab
310 3618 500 3685 obstinatione,
512 3633 565 3691 qua
575 3617 712 3676 videbaris
735 3630 851 3686 annexa,
862 3615 918 3675 dis·
964 3613 1157 3674 umru'cationis
1179 3612 1223 3670 vel
1259 3614 1442 3671 anathematis
1469 3614 1632 3672 auctoritate
1658 3613 1706 3671 liei
1731 3622 1761 3672 et

42 3706 50 3737 ²²
126 3709 239 3765 cessisse
253 3710 383 3778 numnis,
395 3710 509 3781 pietatis
517 3710 565 3767 tibi
574 3710 680 3766 uiscera
691 3709 801 3766 noveris
813 3717 842 3766 ct
852 3722 919 3779 apo·
965 3704 1117 3777 principum
1130 3703 1313 3776 apostoiomm
1325 3704 1475 3762 absolvisse
1488 3704 1663 3776 cognoscite:
1677 3705 1714 3760 ita
1727 3712 1762 3759 ot

42 3806 50 3829 ¹
126 3797 227 3854 stolicm
247 3799 321 3854 sedis
335 3807 438 3870 aperta,
453 3807 548 3856 ettam
563 3798 678 3855 vinculis
693 3798 918 3868 anathematiset
965 3795 1095 3867 deinceps
1105 3792 1213 3851 bomini
1226 3792 1377 3852 Ecclesiam
1391 3792 1570 3865 ingrediendi,
1592 3800 1621 3848 et
1646 3794 1760 3860 oravtdi;

42 3887 54 3937 l·
127 3887 638 3957 excommunicationuemtam,qnam
654 3895 814 3945 cunctorum
836 3886 917 3944 cun·
966 3882 1193 3954 convivandique,
1206 3881 1620 3940 seommemterisilbristianis
1631 3882 1760 3954 loquendi

45 3976 51 3987 '
126 3976 287 4045 orianorum,
302 3977 350 4033 liei
363 3985 393 4033 et
406 3980 547 4035 beatorum
560 3978 712 4051 primorum
730 3976 915 4049 apostolorum
966 3974 1001 4031 sit
1018 3973 1044 4030 ei
1058 3979 1170 4028 auctore
1191 3970 1247 4027 beo
1267 3984 1396 4028 concessa
1409 3969 1528 4027 lieentia.
1541 3969 1761 4028 cui-waldrada

125 4068 295 4135 ancoritatc,
311 4068 435 4125 societati
462 4068 604 4138 redditam,
631 4077 714 4140 atqtm
733 4068 917 4125 communioni
965 4062 1092 4119 videlimt
1102 4060 1286 4134 «competentia
1297 4059 1401 4118 motuita
1413 4059 1619 4128 destinavimus,
1645 4067 1674 4117 et
1700 4073 1763 4131 que

42 4160 44 4191 v
125 4158 246 4231 spaurde
258 4159 419 4216 reductam:
434 4160 472 4215 ita
487 4166 518 4215 ot
531 4158 660 4229 deinceps
673 4157 817 4216 ecelesiam
829 4158 918 4230 inpre-
966 4153 1166 4212 conveniebant
1177 4151 1276 4209 litteris
1298 4150 1459 4209 inculcanda
1487 4150 1680 4221 providimuu
1694 4165 1761 4221 qua·

42 4248 47 4277 ²
124 4246 223 4317 diendi,
238 4257 267 4305 et
289 4246 395 4313 orandi,
424 4248 649 4319 convivandique,
664 4263 713 4304 seu
725 4262 788 4306 cum
810 4248 918 4306 ceteris
966 4260 1027 4302 rum
1047 4243 1152 4301 scilicet
1174 4242 1331 4300 liturarum
1340 4249 1445 4299 terium
1458 4240 1510 4297 sibi
1520 4249 1611 4297 vestra
1633 4239 1763 4304 fraterni·

123 4334 286 4394 Christianis
301 4335 438 4408 loquendi,
453 4336 490 4392 sit
502 4337 549 4394 tibi
563 4347 675 4395 auctore
687 4338 743 4395 lico
754 4339 817 4394 datu
829 4338 913 4395 bocu-
967 4345 1009 4392 tas
1030 4333 1157 4391 exbiberi
1184 4347 1358 4405 summopere
1380 4331 1508 4405 postulet.
1522 4331 1557 4386 tlt
1582 4331 1711 4402 quoniam
1724 4332 1762 4388 ita

42 4426 43 4433 ’
123 4425 158 4489 tia
170 4444 178 4481 ι
191 4427 299 4499 praeisti
310 4419 442 4485 duntaxat
455 4428 526 4501 regis
538 4428 672 4496 societati,
683 4436 794 4500 propter
814 4429 919 4500 antiqui
965 4425 1103 4492 convenit,
1115 4440 1131 4480 a
1144 4423 1221 4480 vobis
1231 4423 1395 4494 exigendum
1406 4429 1435 4478 et
1449 4418 1648 4493 agnoscendum
1663 4419 1744 4476 decer
1761 4446 1768 4465 ·

42 4514 45 4541 ³
123 4514 209 4575 bostis
229 4519 379 4586 versutias,
403 4518 476 4574 nullo
498 4527 580 4590 pacto
604 4519 713 4589 penitus
749 4518 914 4575 adbaerendi.
929 4514 1211 4624 anmsqmtenos
1237 4526 1287 4584 per
1302 4509 1745 4615 bocseirevuleatrcstrasapcti

121 4608 196 4678 buon
211 4621 304 4669 umen
325 4612 497 4680 beneficium,
513 4628 668 4684 quanquam
685 4613 739 4670 boc
764 4613 915 4670 moderatio
968 4604 1177 4677 tasapestolicm
1198 4604 1272 4661 redis
1294 4602 1509 4661 austeritatiset
1533 4601 1748 4658 mausuetudinis

121 4698 272 4773 flagitasset
296 4702 490 4769 ecelesiastica,
506 4716 567 4775 quae
578 4704 651 4760 siem
665 4703 826 4760 incorrectis
837 4702 916 4760 inde·
968 4696 1136 4755 remissionis
1146 4704 1174 4753 ct
1186 4694 1377 4752 refrenatiouis
1391 4692 1502 4759 indicia,
1532 4698 1561 4747 et
1583 4690 1750 4748 moderantis

121 4786 222 4859 sibilis:
234 4797 274 4850 ita
284 4794 415 4851 correctis
429 4809 538 4866 semper
549 4794 630 4853 debet
648 4809 709 4852 esse
726 4792 861 4860 ileribilis,
873 4795 916 4850 in·
966 4787 1226 4846 sivoaedisetetionis
1237 4799 1351 4857 pmrsus
1363 4783 1490 4858 insignia.
1504 4780 1637 4855 Optamus
1660 4780 1748 4839 mucii

121 4882 250 4937 modam
262 4897 373 4954 precum
389 4888 417 4938 cl
429 4881 669 4953 incomparabilem
683 4882 855 4939 dilectionem
868 4881 916 4943 do-
968 4885 1053 4935 lel-eru
1076 4884 1198 4935 vestram
1209 4875 1237 4933 irt
1250 4874 1359 4931 cbristo
1382 4873 1452 4929 botre
1477 4870 1579 4928 valere.
1592 4870 1661 4931 bata
1674 4869 1756 4944 briis!

121 4971 276 5030 siderabiiis
290 4980 318 5028 et
331 4971 480 5043 spiritualis
495 4973 543 5028 iiiii
555 4971 708 5041 nostri-lam
734 4968 876 5029 memorati
888 4982 916 5028 ct
968 4973 1031 5031 idus
1040 4971 1216 5042 Februarias,
1231 4968 1378 5027 indictione
1391 4966 1490 5039 prima.

120 5060 220 5135 ingiter
234 5063 406 5120 memorandi
419 5063 545 5136 Augusti,
556 5070 611 5119 tum
630 5062 680 5119 tibi
691 5062 817 5120 celeriter
830 5063 916 5135 impe
1338 5076 1394 5134 vu,

123 5160 209 5210 trasse
221 5167 367 5227 cognosce.
379 5151 462 5226 Cujus
483 5153 589 5211 scilicet
604 5153 762 5226 postulatio,
775 5154 847 5211 sicut
861 5168 915 5211 uon
1156 5187 1198 5233 „l
1208 5183 1332 5231 mom
1350 5183 1459 5229 mm
1476 5181 1575 5236 ,ειηἒ

121 5244 260 5316 nisilusta
273 5245 403 5310 creditur,
429 5246 467 5303 ita
490 5260 599 5318 quoque
626 5247 708 5304 modo
729 5245 917 5318 postponenda
1275 5262 1365 5335 (Anno
1381 5260 1457 5332 868.)

122 5334 309 5393 conducitur.
325 5334 425 5392 Verum
438 5346 468 5393 tu
483 5338 523 5395 sic
534 5342 561 5395 te
573 5337 608 5395 de
631 5345 733 5395 caetero
755 5338 835 5394 stude
857 5353 917 5395 mu·
969 5355 1115 5427 flama
1133 5354 1227 5424 pum,
1239 5368 1305 5425 qm
1322 5352 1357 5407 ,p
1370 5350 1511 5407 pponam
1522 5349 1556 5404 ,p
1568 5343 1675 5405 [essm
1690 5346 1759 5401 me

122 5427 190 5495 niro,
202 5429 347 5487 mdonmn
366 5431 519 5499 solutionis,
545 5431 617 5504 qood
644 5432 672 5488 in
689 5439 762 5489 terra
775 5430 917 5503 percipere
1005 5434 1110 5495 literali
1123 5423 1235 5494 vuilit-⁸
1251 5423 1359 5493 Wli‘idi
1378 5420 1514 5502 imi?
1531 5418 1595 5487 petit
1605 5416 1761 5473 ΝΜ

121 5502 255 5585 cerneris,
267 5516 294 5575 in
306 5520 376 5577 ooelo
387 5519 444 5578 neo
454 5529 567 5578 auctore
577 5522 716 5579 veraciter
741 5535 840 5593 capere
857 5533 915 5576 me·
1004 5495 1096 5565 [Μαι
1102 5494 1139 5548 ⁰4
1150 5502 1286 5551 'mm
1295 5486 1647 5560 “wu‘md‘i'mm‘

121 5606 218 5663 rearis.
231 5606 300 5664 liam
313 5608 337 5665 si
353 5617 380 5666 te
392 5594 482 5666 coram
493 5610 620 5667 humanis
630 5610 716 5668 oculis
726 5607 916 5666 absolvendam
1004 5605 1144 5663 Apaturos
1156 5604 1311 5676 episcopus,
1324 5616 1420 5660 sersus
1434 5612 1574 5657 serrorum
1588 5597 1647 5666 liei,
1662 5596 1767 5658 dibus

121 5694 249 5763 erbibcs,
259 5707 288 5754 et
299 5713 391 5755 coram
407 5700 455 5756 liei
467 5700 657 5771 conspectibus
683 5700 801 5773 obliqata
826 5699 916 5761 consi·
969 5696 1027 5761 tilio
1038 5696 1149 5754 cuncto
1160 5694 1278 5767 glorioso
1289 5692 1355 5766 reqi-

122 5786 183 5854 stis,
201 5803 254 5845 nec
267 5790 337 5849 nodo
350 5806 439 5872 cares,
453 5806 505 5849 nce
519 5792 626 5851 scnium
640 5793 781 5873 impetras,
795 5792 923 5863 ouinimo„
1003 5786 1145 5863 dotamus
1162 5784 1323 5860 venerabilii
1340 5787 1476 5865 quondum
1498 5777 1663 5843 banonico
1684 5779 1768 5842 urbis
