4167 6625
200 562 256 618 stu
629 565 673 623 DE
691 563 860 623 ututstoub
876 566 1051 624 barbata.
1070 593 1107 608 -
1125 562 1225 620 tradit
1244 559 1402 620 TERTIUS.
1775 568 1826 624 650

200 673 387 744 pulchritudo,
399 675 426 730 in
436 690 489 747 qua
502 691 574 733 nune
586 678 709 734 sensibus
721 679 858 749 corporeis
872 678 985 744 arridet,
998 689 1024 748 ,q
1036 686 1192 734 sanctorum
1212 676 1322 733 Patrum
1337 678 1448 749 vestigia
1472 692 1596 748 sequens,
1623 683 1704 739 ‹iiviui
1718 685 1827 742 luminis

200 767 230 821 in
253 766 307 821 tine
326 766 420 822 uruudi
434 767 613 823 cumulabitur
631 770 640 801 ¹
661 766 762 838 absque
786 768 840 824 ullo
864 769 988 840 globatae
1039 771 1114 826 radio
1131 771 1164 826 ab
1189 770 1326 825 erroribus
1348 771 1415 825 meis
1438 780 1466 825 ιι
1488 773 1601 829 aliorum
1615 792 1657 833 me
1671 791 1825 844 revocante,

198 872 268 913 suae
280 859 382 929 figurae
396 858 573 930 stellataeque
585 862 706 929 picturae
718 862 846 927 interitu,
860 860 987 930 quoniam
1038 863 1120 931 inque
1136 862 1208 934 viam
1223 870 1325 915 rectam
1340 860 1464 925 ducente,
1477 864 1613 930 paululum
1628 866 1723 935 pedena
1743 878 1827 925 retra·

197 947 332 1017 scriptum
344 957 397 1014 cst,
409 956 439 1002 ut
452 949 543 1004 aiunt:
558 947 618 1005 Erit
631 950 732 1005 cariam
757 966 850 1005 trovam
871 959 895 1003 et
917 959 988 1003 terra
1037 950 1084 1005 bo.
1098 949 1192 1003 liivina
1212 949 1344 1017 siquidem
1359 949 1500 1005 clementia
1521 953 1662 1009 veritatem
1685 959 1728 1027 pie
1746 968 1828 1031 atque

198 1040 491 1097 noae.Caelosautem
514 1042 648 1111 perituros
670 1058 723 1098 non
748 1043 781 1096 de
805 1042 988 1111 superioribus
1038 1039 1176 1094 humiliter
1195 1047 1356 1108 quaerentes
1382 1038 1408 1092 iu
1438 1039 1557 1095 tenebris
1585 1043 1753 1114 ignorantiae
1773 1062 1827 1104 non

198 1132 296 1187 mundi
316 1131 451 1202 partibus,
466 1147 559 1189 rerum
581 1132 615 1188 de
635 1134 730 1204 spatiis
742 1131 822 1201 hujus
837 1133 905 1187 aeris
919 1131 987 1185 inira
1037 1130 1102 1189 sinit
1112 1145 1214 1198 errare,
1230 1132 1311 1200 inque
1335 1129 1426 1186 loacas
1453 1132 1581 1189 falsarum
1606 1136 1761 1205 opinionum
1779 1154 1827 1194 ca·

198 1220 294 1277 lunam
308 1222 509 1293 intelligunt,ut
520 1224 744 1292 quemadmodum
755 1223 782 1277 in
796 1222 895 1277 diluvio
909 1236 987 1275 versu
1038 1222 1112 1286 dere,
1131 1229 1158 1276 et
1172 1222 1197 1275 in
1219 1221 1259 1276 eis
1284 1221 1382 1291 perire.
1396 1220 1473 1275 Nrrlla
1499 1224 1570 1277 enim
1585 1224 1661 1294 pejor
1674 1241 1747 1281 mors
1774 1234 1825 1291 est,

196 1320 263 1368 sunt
278 1313 304 1367 in
312 1328 420 1383 aquam,
434 1315 470 1369 ita
482 1316 509 1370 in
520 1315 531 1346 ¹
541 1315 631 1369 mtrndi
643 1314 697 1370 line
705 1322 845 1369 vertantur
855 1312 865 1343 ⁸
876 1309 987 1366 iniiam·
1038 1328 1119 1383 quam
1143 1313 1265 1368 veritatis
1283 1312 1446 1381 ignorantia,
1461 1313 1531 1367 nulla
1547 1329 1645 1385 vorago
1658 1316 1826 1386 proluudior,

197 1419 295 1469 mam3
313 1406 433 1459 omnium
447 1420 513 1460 vere
528 1405 684 1460 animalium
708 1412 736 1459 ιι
758 1402 885 1458 lrutieum
909 1402 988 1456 arbo-
1038 1418 1118 1473 quarn
1133 1401 1199 1458 falsu
1212 1418 1261 1472 pro
1281 1403 1353 1457 veris
1368 1404 1525 1473 approbare,
1553 1407 1623 1475 quod
1635 1411 1772 1477 preprium
1786 1421 1828 1468 ιιι

193 1511 311 1566 rumque
326 1497 527 1568 generationem
543 1498 593 1551 *et
609 1498 773 1552 incrementa
783 1495 988 1550 etdecrementa
1038 1492 1149 1548 erroris.
1173 1493 1213 1546 Ex
1238 1492 1281 1548 bia
1308 1493 1379 1547 enim
1406 1494 1558 1563 turpissima
1588 1504 1616 1551 et
1639 1497 1829 1558 abominabilia

191 1595 366 1652 cunctorum,
379 1602 449 1657 qnae
466 1588 536 1642 intra
557 1587 687 1642 circulum
705 1587 784 1643 lunae
805 1586 987 1653 continentur,
1037 1590 1159 1638 monstra
1183 1583 1208 1636 in
1234 1583 1360 1637 humanis
1387 1585 1593 1653 cogitationibus
1616 1586 1702 1643 solent
1722 1589 1786 1661 llugi
1799 1592 1829 1664 Ἰ,

192 1677 412 1732 vicissitudinem
426 1686 593 1733 cessaturam
607 1694 659 1733 non
674 1678 760 1733 solnm
774 1693 827 1733 non
841 1678 987 1743 denegant,
1039 1687 1108 1742 quae
1123 1671 1136 1706 ⁸
1149 1672 1212 1727 dum
1232 1673 1349 1727 carnalis
1376 1673 1465 1727 aninam
1489 1674 1571 1728 veluti
1598 1691 1659 1732 vera
1673 1686 1701 1732 et
1716 1692 1790 1736 amat
1801 1689 1831 1738 et

192 1784 290 1824 verum
305 1770 387 1825 etiam
401 1769 544 1824 affirmant·
561 1768 654 1841 Spatia
671 1771 734 1825 item
747 1770 818 1825 aeris
831 1768 988 1825 etaetberis
1039 1762 1172 1830 sequitur,
1197 1762 1307 1815 (blisum
1332 1772 1493 1818 0⁰¹¹Vssl¹0¹¹s
1521 1780 1584 1820 ιθιθ
1604 1763 1615 1796 ⁸
1647 1766 1752 1834 Ιῑιιιιῑιιί,
1767 1785 1830 1826 ¹¹¹ss-

190 1859 380 1916 ggfflgguengg
398 1859 455 1915 gorg
470 1860 660 1916 aqugmngw
684 1861 802 1917 aetheris
848 1860 936 1914 uidem
959 1860 1000 1913 in·
1038 1851 1155 1921 brasque
1173 1849 1283 1920 ingaccs
1307 1853 1535 1921 eotrrprebendere
1555 1854 1656 1922 volens,
1674 1867 1701 1911 ιι
1712 1873 1765 1912 non
1780 1875 1829 1914 va·

190 1958 334 2005 aetem
347 1951 545 2019 possessionem
563 1951 703 2007 bealorum
721 1877 986 2022 angelor‘ssssomj.
1041 1941 1110 2006 leus,
1135 1942 1162 1995 in
1182 1941 1339 1996 barathrum
1355 1943 1480 1998 miseriae
1503 1947 1643 2000 consuevit
1657 1961 1745 2003 ruere.
1760 1947 1831 2006 ilinc

191 2053 315 2107 numque
336 2038 387 2093 sibi
410 2038 549 2103 similium,
572 2040 644 2095 aeris
666 2054 730 2094 vero
753 2039 887 2095 interioris
911 2038 984 2093 circa
998 2031 1021 2091 B
1035 2032 1143 2086 assidue
1168 2032 1295 2088 debemus
1318 2048 1397 2087 orare
1421 2049 1453 2088 ac
1476 2033 1599 2090 ¹'dicere
1616 2054 1622 2089 τ
1640 2037 1720 2102 Deus,
1736 2046 1830 2097 ¹¹⁰Sir²

196 2137 301 2185 sermm
312 2127 526 2197 undiquediliusi
541 2130 568 2182 in
583 2110 724 2184 aeternnm
738 2144 874 2185 carcerem
897 2138 984 2183 actcr·
1035 2123 1107 2181 salus
1120 2131 1202 2192 atque
1220 2123 1381 2191 redemptio,
1397 2124 1443 2193 qui
1460 2125 1558 2179 dedisti
1573 2135 1708 2192 naturam,
1729 2128 1829 2199 largire

194 2229 302 2284 uaeque
327 2214 465 2280 dammas,
487 2215 610 2271 localiter
641 2217 837 2286 visibiliterque
858 2233 982 2283 arsuras,
1034 2223 1061 2268 ιι
1081 2214 1207 2285 gratiam,
1223 2214 1369 2282 praetende
1391 2214 1480 2268 lumen
1497 2224 1571 2269 tunm
1586 2216 1613 2270 in
1625 2218 1729 2273 umbris
1751 2218 1828 2288 igno-

192 2307 346 2377 torqoemlo
370 2307 476 2363 diabolo
502 2322 564 2361 cnm
594 2306 723 2363 membris
743 2308 819 2371 suis,
842 2307 895 2362 hoc
923 2316 982 2371 est,
1036 2305 1139 2359 rendae
1158 2303 1351 2372 palpitantibus
1377 2303 1400 2345 ¹¹
1415 2305 1660 2374 quaerentibusque
1673 2316 1717 2373 tc3
1732 2322 1830 2363 revoca

188 2396 326 2466 apostatis
361 2396 482 2467 angelis,
517 2396 705 2467 similibusque
745 2396 795 2452 sibi
831 2391 985 2454 bominibus

188 2486 291 2556 impiis
319 2486 359 2541 Ae
372 2502 433 2557 per
463 2487 513 2541 boe
538 2487 709 2556 quomam·
739 2500 846 2543 omnem
875 2497 983 2543 ereatu-

190 2593 252 2631 ram
277 2552 643 2649 lmamporalcm
666 2587 694 2634 ιι
720 2594 783 2635 esse
809 2588 837 2634 et
863 2578 981 2634 laturam

188 2682 254 2724 esse
270 2669 401 2740 cogitant,
427 2669 485 2725 loca
514 2677 543 2726 et
575 2681 706 2741 tempora,
736 2671 788 2727 boc
816 2679 868 2735 est,
891 2671 1020 2725 mundi

190 2761 281 2829 spatia
308 2769 465 2831 motumque
489 2760 547 2831 ejus
570 2746 913 2816 morularum‘immvatns
941 2760 984 2814 di-

191 2852 321 2907 stinetum
346 2867 454 2923 semper
474 2865 535 2907 esse
557 2866 685 2907 mansura
703 2867 757 2909 nou
780 2852 913 2907 dubitant.
937 2852 984 2908 llis

188 2951 274 3014 atque
283 2942 434 3012 hujusmodi
446 2943 522 3001 tarsis
531 2945 702 3015 opinionibus
713 2954 982 3009 conanturasserere,

183 3026 234 3099 ea,
260 3049 330 3107 quae
352 3053 405 3095 non
428 3047 517 3103 erant,
542 3036 858 3101 etincboaveruntesse‚
872 3043 899 3089 ιι
912 3034 984 3090 iacta

190 3126 273 3182 simul
294 3136 323 3183 et
342 3136 451 3184 aeterna
464 3129 516 3183 diei
528 3142 618 3199 posse,
643 3129 705 3197 quia
730 3142 836 3198 semper
849 3128 876 3181 in
889 3126 983 3182 eodem

192 3226 277 3282 statu,
295 3218 322 3272 in
348 3233 401 3287 quo
421 3217 606 3289 temporaliter
619 3226 710 3272 creata
725 3226 798 3281 sunt,
826 3216 982 3281 manebunt,

191 3310 444 3382 etquaepriocipio
465 3325 518 3366 non
535 3318 640 3374 carent,
662 3307 715 3362 irae
739 3322 834 3363 carcre
849 3305 983 3363 arbitran-

1034 2411 1084 2452 nos
1101 2396 1136 2452 ab
1150 2395 1307 2461 erroribus;
1324 2397 1431 2467 porrige
1452 2397 1590 2454 dexteram
1610 2408 1684 2455 tuam
1699 2401 1825 2469 iniirmis,

1034 2503 1089 2544 non
1101 2487 1254 2543 ualentibus
1264 2488 1322 2543 sine
1333 2486 1389 2543 te⁸¹
1407 2488 1549 2559 pervenire
1567 2489 1600 2545 ad
1613 2499 1654 2552 te:
1677 2492 1789 2548 ostende
1803 2501 1830 2549 te

1033 2577 1122 2647 ipsum
1136 2576 1191 2642 bis,
1215 2577 1260 2646 qui
1280 2577 1320 2632 nil
1333 2585 1427 2648 petunt
1440 2586 1549 2647 praeter
1560 2586 1605 2645 te;
1630 2595 1724 2650 runrpe
1744 2580 1831 2638 nubes

1033 2680 1165 2720 vanarum
1192 2666 1417 2736 phantasiarum,
1445 2683 1515 2738 quae
1540 2668 1639 2723 mentis
1661 2669 1746 2726 aciem
1774 2685 1830 2725 nou

1034 2756 1127 2811 sinunt
1142 2756 1239 2810 intueri
1255 2765 1281 2811 te
1302 2772 1335 2811 eo
1347 2757 1437 2820 modo,
1452 2772 1507 2826 quo
1531 2766 1557 2810 ιι
1569 2758 1729 2814 invisibilem
1743 2758 1829 2814 videri

1033 2845 1169 2916 permittis
1178 2847 1394 2902 desiderantibus
1404 2847 1600 2903 viderelaeiem
1615 2857 1698 2911 tuam,
1711 2849 1828 2917 qrrieteur

1034 2951 1122 3000 stram,
1141 2935 1222 2989 linem
1244 2950 1332 2999 ιιιιιιιι,
1354 2936 1425 2990 ultra
1450 2951 1529 3005 quem
1554 2936 1592 2990 nii
1612 2947 1750 3006 appetunt,
1765 2939 1829 3007 quia

1014 3042 1018 3051 ·
1034 3025 1104 3080 ultra
1117 3025 1183 3080 nihil
1198 3035 1240 3080 est
1256 3041 1391 3080 summum
1411 3025 1512 3081 bonum
1524 3026 1760 3096 superessentiale.
1774 3026 1829 3083 Sed

1034 3117 1068 3169 ad
1092 3116 1229 3171 residuum
1254 3116 1405 3170 sententiae
1429 3124 1491 3170 tuae
1510 3130 1617 3185 gressus
1632 3116 1726 3187 dirige.
1751 3118 1826 3172 bisc.

1034 3207 1103 3273 Quid
1128 3214 1222 3271 restat,
1248 3207 1300 3262 nisi
1323 3207 1394 3276 quod
1418 3221 1462 3263 me
1485 3207 1563 3261 vaide
1589 3217 1678 3262 movet
1695 3208 1827 3276 prolerre,

1035 3298 1087 3354 hoc
1097 3305 1147 3364 est,
1160 3299 1297 3369 quomodo
1311 3298 1404 3354 omnia
1418 3305 1528 3352 aeterna
1546 3303 1574 3351 et
1590 3295 1747 3361 factasunt,
1763 3313 1830 3367 quo-

192 3409 249 3463 mr,
272 3399 310 3453 tra
332 3408 362 3454 ιιι
381 3408 409 3454 er
432 3399 502 3455 sacra
524 3399 586 3462 sint
612 3398 674 3468 qnia
695 3396 940 3461 cacciaquerrae,
956 3404 984 3451 er
998 3372 1021 3436 C
1036 3388 1116 3443 modo
1135 3388 1268 3458 principio
1288 3402 1320 3442 ac
1339 3387 1393 3441 intre
1417 3385 1538 3441 carentia
1563 3385 1695 3457 principio
1720 3401 1751 3441 ae
1777 3386 1830 3442 bne

193 3497 319 3554 aeterua,
337 3491 398 3559 quia
420 3505 472 3544 non
490 3490 613 3544 desinent
631 3488 787 3545 subsistere
802 3488 982 3543 Veruntamen
1036 3479 1305 3537 cirmeumscribuntur
1339 3477 1412 3533 Haec
1445 3477 1518 3533 enim
1553 3479 1625 3532 inter
1655 3493 1684 3533 se
1715 3478 1829 3533 inuicem

190 3592 281 3648 neque
304 3577 399 3633 talibus
411 3578 591 3647 opinionibus,
607 3593 675 3647 quas
697 3591 761 3633 vera
783 3577 887 3631 deridet
902 3579 981 3644 ratio,
1035 3573 1182 3636 luctantur,
1198 3581 1226 3626 et
1236 3570 1372 3641 quomodo
1382 3569 1433 3625 sibi
1445 3568 1618 3632 conveniant,
1632 3567 1682 3623 nisi
1695 3584 1711 3621 a
1725 3578 1750 3623 te
1761 3569 1827 3623 mibi

190 3678 218 3723 ιι
237 3668 370 3723 assentire
390 3668 566 3730 aestimarim,
590 3682 676 3737 neque
689 3667 769 3722 talem
785 3668 982 3732 aeternitatem,
1035 3663 1119 3719 irretit
1134 3677 1254 3730 arrasum,
1279 3662 1383 3732 ignoro.
1411 3659 1550 3731 Siquidem
1585 3660 1671 3718 solum
1695 3659 1719 3692 ¹⁸
1744 3661 1829 3716 Deum

189 3755 235 3811 vei
248 3766 277 3810 ιιι
292 3756 381 3811 verius
396 3756 984 3832 dicam,semiaeternitatempraedictis‚tuis
1035 3752 1162 3830 ἄναρχοι,
1184 3754 1236 3808 hoc
1259 3762 1311 3817 ιιι,
1334 3759 1471 3807 carentem
1495 3750 1629 3820 principio
1652 3750 1829 3805 aestimabam

189 3848 477 3912 rationibussnasisse,
487 3848 618 3918 nequesic
626 3856 653 3902 et
661 3846 731 3903 lacta
745 3848 825 3903 simul
837 3858 864 3903 et
874 3859 984 3903 aeterna
1035 3857 1114 3909 esse3
1132 3845 1189 3913 ipse
1209 3843 1281 3897 enim
1307 3841 1468 3911 principium
1482 3841 1603 3895 omnnium
1630 3848 1657 3893 ιι
1685 3838 1747 3892 linis
1776 3847 1827 3903 est,

188 3936 388 3999 dueuisse;sed
399 3936 487 3991 altiori
502 3945 658 3991 naturarum
673 3937 794 3992 contuitu
805 3937 873 3992 ultra
887 3938 982 3993 buma-
1037 3934 1110 3991 nullo
1123 3935 1255 4005 principio
1273 3932 1415 3996 inchoans,
1431 3929 1504 3984 nullo
1515 3928 1567 3983 line
1577 3926 1735 3992 cortclusus;
1756 3934 1830 3982 cete·

189 4039 244 4079 nas
257 4039 407 4095 opiniones
421 4026 501 4080 morio
514 4027 630 4096 quodam
641 4026 728 4081 adbuc
742 4026 820 4081 nobis
838 4026 983 4097 incognito,
1035 4039 1066 4079 ra
1087 4037 1151 4077 vero
1172 4022 1353 4083 inchoare,
1320 4018 1343 4049 ¹⁸
1378 4026 1406 4072 et
1432 4017 1464 4071 ad
1490 4016 1571 4071 tinem
1593 4029 1669 4070 strum
1689 4016 1827 4085 proprium

191 4117 343 4172 diuinorum
355 4132 514 4172 areanorum
522 4119 601 4186 adyta
608 4127 750 4185 penetrare
759 4127 784 4171 te
794 4119 891 4182 scirtio,
903 4119 985 4172 vesti·
1035 4110 1244 4181 utrumquodque
1256 4110 1375 4171 tendere,
1390 4123 1422 4163 ae
1433 4121 1483 4176 per
1503 4107 1555 4162 boe
1567 4120 1620 4160 uon
1631 4120 1691 4160 esse
1706 4105 1730 4136 ¹⁸
1742 4114 1829 4160 aeter·

190 4207 238 4277 gia
251 4205 371 4272 Patmm,
394 4207 440 4276 qui
455 4206 517 4260 talia
532 4207 642 4261 scrutati
657 4214 729 4270 sunt,
745 4203 826 4262 altius'
837 4206 982 4276 sequendo.
1035 4218 1080 4269 na,
1094 4203 1141 4258 scd
1155 4201 1234 4257 lacta.
1249 4202 1283 4256 Et
1292 4201 1335 4257 lus
1348 4198 1473 4255 omnibus
1487 4195 1733 4266 incomparabiliter
1746 4195 1828 4249 altius

231 4296 273 4350 to
297 4296 380 4351 Aiunt
405 4296 490 4360 enim,
516 4305 641 4350 naturam
656 4295 735 4364 hujus
757 4297 849 4351 mundi
877 4311 984 4366 semper
1035 4302 1063 4347 et
1086 4291 1237 4346 mirabilius
1263 4290 1328 4346 mihi
1352 4290 1471 4353 videtur,
1497 4286 1568 4356 qrrod
1596 4287 1683 4341 sancti
1708 4284 1827 4353 Dionysii

191 4401 361 4451 mansuram,
384 4386 447 4455 quia
473 4386 631 4456 incorporea
658 4394 742 4441 estet
764 4385 983 4454 incorruptibilis,
1036 4382 1216 4450 Areopagitae
1238 4381 1260 4422 ι·
1273 4379 1436 4433 auctoritate
1452 4385 1531 4432 utens
1549 4375 1660 4439 asseris,
1685 4374 1772 4443 ipsum
1787 4373 1827 4427 vi·

189 4486 284 4535 cetera
296 4493 369 4544 uero,
384 4476 482 4547 quibus
491 4485 606 4542 constat,
623 4477 752 4548 peritura,
768 4477 819 4532 boc
832 4484 883 4540 est,
894 4490 984 4540 omne,
1036 4470 1134 4525 delicet
1145 4469 1230 4524 lleutu
1249 4475 1277 4521 et
1291 4467 1410 4522 omnium
1426 4466 1555 4521 lectorem
1569 4476 1639 4528 csse,
1653 4470 1680 4516 ct
1699 4462 1727 4517 in
1737 4460 1827 4516 ornui·

194 4567 313 4639 quadiu
337 4581 370 4622 eo
394 4575 436 4622 est
449 4567 638 4637 compositum.
658 4566 692 4621 Et
711 4567 773 4636 quia
796 4567 823 4622 in
836 4581 868 4621 eo
882 4565 985 4621 nullum
1036 4560 1087 4614 bus
1101 4558 1220 4621 laetum;
1237 4557 1290 4612 boe
1303 4555 1376 4610 enim
1396 4554 1485 4607 adhue
1507 4550 1656 4606 inauditum
1669 4548 1829 4619 etincogni·

190 4670 293 4727 corpus
315 4664 366 4721 est,
398 4657 469 4726 quod
490 4671 543 4713 uon
564 4657 600 4712 sit
621 4652 839 4725 ‘compositum
855 4663 883 4711 et
904 4669 984 4711 omne
1040 4657 1162 4705 tumnon
1182 4647 1268 4703 solum
1284 4645 1361 4710 mibi,
1379 4644 1467 4700 sedet
1491 4640 1826 4711 multisacpaeneomui·

191 4747 371 4816 compositum
384 4746 503 4802 solvetur
515 4747 543 4801 in
556 4761 655 4820 ea,‚ex
670 4746 766 4817 quibus
791 4747 979 4815 componitur;
997 4709 1094 4796 Dbus.
1112 4735 1179 4792 Nam
1193 4737 1217 4792 si
1230 4737 1268 4792 sic
1288 4744 1340 4799 ιιι,
1357 4733 1418 4803 quis
1437 4747 1491 4786 non
1506 4727 1649 4786 confestim
1663 4737 1786 4798 emmpat
1799 4728 1828 4785 iu

193 4843 268 4891 totus
280 4835 361 4905 igitur
372 4835 549 4892 mundusiste
564 4835 677 4890 visibilis
694 4850 839 4906 corporeus
849 4837 983 4906 composi·
1035 4833 1106 4887 banc
1117 4843 1210 4884 vocem
1221 4836 1248 4882 et
1261 4825 1425 4898 proclamet:
1437 4822 1509 4876 Deus
1520 4821 1612 4888 itaque
1630 4820 1720 4875 omnia
1734 4827 1785 4884 est,
1800 4826 1829 4873 et

156 4986 162 5002 ¹
192 4933 240 4983 tus
263 4926 391 4991 solvetur,
416 4927 473 4981 sola
499 4925 611 4996 simplici
638 4934 733 4979 natura
760 4933 894 4981 manente.
912 4924 982 4982 idac.
1036 4921 1126 4975 omnia
1142 4915 1322 4983 betrsiQnod
1345 4919 1526 4968 monstrosum
1546 4909 1732 4965 aestimabitur
1744 4909 1826 4963 etiam

195 5015 284 5076 Falsis
293 5017 541 5073 ratiocinationibus
551 5018 727 5072 humanarum
740 5016 894 5086 opinionum
906 5018 984 5089 longe
1037 5012 1090 5075 his.
1113 5010 1159 5080 uui
1183 5016 1382 5081 pssbtsswfesse
1407 5004 1553 5074 Salientes,
1580 5000 1718 5070 ῐιιΰῙῑῙΡῙῑΰῑ
1735 5011 1827 5053 filum

197 5122 216 5161 a
231 5107 341 5163 veritate
357 5106 515 5162 distantium
530 5104 663 5173 quondam
690 5118 733 5159 ιιιι
758 5104 899 5174 deceptum
926 5119 987 5160 esse
1038 5099 1182 5157 visibilium
1211 5107 1238 5152 et
1267 5095 1440 5154 invisibilium
1475 5093 1608 5148 varietate
1636 5090 1827 5154 considerem

197 5208 298 5265 negare
313 5210 364 5251 nou
378 5208 499 5266 possum
517 5194 579 5263 qnia
603 5193 731 5264 deceptus
754 5207 824 5248 sum.
841 5194 887 5247 liis
914 5193 986 5247 enim
1037 5193 1109 5249 Deus
1124 5201 1212 5248 autem
1227 5207 1310 5246 unum
1323 5199 1374 5244 ιιι.
1397 5188 1432 5243 Et
1445 5187 1497 5242 nisi
1511 5186 1579 5240 haee
1593 5183 1723 5252 exemplis
1735 5193 1827 5237 rerum

195 5286 334 5354 omnibus,
358 5294 406 5343 aut
431 5299 502 5356 pene
520 5284 644 5340 omnibus
668 5285 743 5341 rudis
766 5283 822 5353 jam
846 5300 986 5340 assensum
1037 5285 1129 5340 antimo
1140 5279 1422 5352 comprehensibilium
1435 5276 1566 5339 suaseris,
1587 5275 1624 5328 nil
1650 5272 1721 5328 alind
1746 5270 1827 5325 relin-

196 5379 321 5449 praebui,
349 5379 464 5450 quadam
486 5376 660 5435 similitudine
684 5375 751 5442 veri,
779 5374 987 5446 carnalibusque
1037 5374 1138 5443 quitur,
1164 5370 1215 5425 nisi
1234 5379 1265 5427 nt
1289 5369 1332 5422 vel
1356 5375 1427 5421 mota
1452 5362 1632 5426 solummodo,
1659 5375 1711 5414 non
1735 5367 1824 5411 autem

197 5470 333 5540 sensibus,
362 5469 497 5528 utmultis
525 5468 623 5536 evenit,
650 5468 785 5526 seductus.
809 5466 887 5523 Nune
910 5482 984 5535 vero,
1036 5464 1158 5519 discussa
1175 5460 1423 5533 praetermittantur
1434 5456 1467 5522 ¹³,
1479 5455 1551 5525 quod
1568 5452 1627 5507 sine
1639 5450 1737 5508 mentis
1748 5459 1826 5503 meae

835 5599 963 5656 laniati
982 5597 1182 5659 LEC'l'lONES.

234 5735 630 5796 'cmundinteumulabitun
681 5734 845 5791 'inumb
896 5733 1094 5790 tremum.
1132 5731 1274 5784 ‘mnium
1283 5744 1388 5785 eero-
1401 5716 1704 5796 geumntiemmom.b
1742 5717 1753 5749 ¹

198 5806 434 5868 niamomff'C
449 5808 628 5888 compositam.
642 5803 723 5859 Et-
736 5805 881 5861 sitem..C
922 5803 1002 5872 'Ab
983 5803 1063 5928 fingi
1064 5801 1155 5856 aciem
1192 5798 1239 5852 “A
1252 5814 1327 5869 q.am
1375 5796 1494 5848 'acero
1513 5798 1671 5849 conuertens.
1708 5787 1737 5892 3
1791 5797 1826 5845 ιι.

200 5882 225 5918 ⁸⁸
244 5875 451 5948 Apaipontiius
488 5874 657 5930 '‘Ctesine.
695 5873 932 5931 ¹’soittmomb
979 5873 1002 5915 ⁸⁸
1054 5869 1183 5927 inclinari.
1232 5816 1388 5924 ¹⁸qerrrom.
1405 5864 1538 5927 amada.
1553 5858 1672 5930 acqui
1743 5857 1827 5915 Artu-

200 5945 417 6021 pugnaeque.
455 5946 477 5983 ¹¹
493 5946 772 6014 Apraetemmtautnr.
