<?xml version="1.0" encoding="UTF-8"?>
<!DOCTYPE html PUBLIC "-//W3C//DTD XHTML 1.0 Transitional//EN"
    "http://www.w3.org/TR/xhtml1/DTD/xhtml1-transitional.dtd">
<html xmlns="http://www.w3.org/1999/xhtml" xml:lang="en" lang="en">
 <head>
  <title>
</title>
<meta http-equiv="Content-Type" content="text/html;charset=utf-8" />
  <meta name='ocr-system' content='tesseract 3.04.00' />
  <meta name='ocr-capabilities' content='ocr_page ocr_carea ocr_par ocr_line ocrx_word'/>
</head>
<body>
  <div class='ocr_page' id='page_1' title='image "./operaquaesupers01flosgoog/operaquaesupers01flosgoog_0697.png"; bbox 0 0 4167 6625; ppageno 0'>
   <div class='ocr_carea' id='block_1_1' title="bbox 72 1241 95 1401">
    <p class='ocr_par' dir='ltr' id='par_1_1' title="bbox 72 1241 95 1401">
     <span class='ocr_line' id='line_1_1' title="bbox 72 1241 95 1401; baseline 0 0"><span class='ocrx_word' id='word_1_1' title='bbox 72 1241 95 1401; x_wconf 88' lang='lat' dir='ltr'>l</span> 
     </span>
    </p>
   </div>
   <div class='ocr_carea' id='block_1_2' title="bbox 109 511 180 576">
    <p class='ocr_par' dir='ltr' id='par_1_2' title="bbox 109 511 180 576">
     <span class='ocr_line' id='line_1_2' title="bbox 109 511 180 576; baseline -0.056 1"><span class='ocrx_word' id='word_1_2' title='bbox 109 511 180 576; x_wconf 67' lang='lat' dir='ltr'>liii</span> 
     </span>
    </p>
   </div>
   <div class='ocr_carea' id='block_1_3' title="bbox 731 472 1168 583">
    <p class='ocr_par' dir='ltr' id='par_1_3' title="bbox 731 472 1168 583">
     <span class='ocr_line' id='line_1_3' title="bbox 731 472 1168 583; baseline 0.011 -5"><span class='ocrx_word' id='word_1_3' title='bbox 731 517 910 581; x_wconf 77' lang='lat' dir='ltr'>uetsnoua</span> <span class='ocrx_word' id='word_1_4' title='bbox 932 477 977 580; x_wconf 84' lang='lat' dir='ltr'>sn</span> <span class='ocrx_word' id='word_1_5' title='bbox 997 472 1168 583; x_wconf 60' lang='lat' dir='ltr'>ossanna,</span> 
     </span>
    </p>
   </div>
   <div class='ocr_carea' id='block_1_4' title="bbox 1678 503 1749 571">
    <p class='ocr_par' dir='ltr' id='par_1_4' title="bbox 1678 503 1749 571">
     <span class='ocr_line' id='line_1_4' title="bbox 1678 503 1749 571; baseline 0.056 -4"><span class='ocrx_word' id='word_1_6' title='bbox 1678 503 1749 571; x_wconf 70' lang='lat' dir='ltr'>iiii</span> 
     </span>
    </p>
   </div>
   <div class='ocr_carea' id='block_1_5' title="bbox 112 628 1748 706">
    <p class='ocr_par' dir='ltr' id='par_1_5' title="bbox 112 628 1748 706">
     <span class='ocr_line' id='line_1_5' title="bbox 112 628 1748 706; baseline 0.011 -20"><span class='ocrx_word' id='word_1_7' title='bbox 112 645 189 687; x_wconf 88' lang='lat' dir='ltr'>mam</span> <span class='ocrx_word' id='word_1_8' title='bbox 202 644 235 686; x_wconf 90' lang='lat' dir='ltr'>ac</span> <span class='ocrx_word' id='word_1_9' title='bbox 246 628 395 702; x_wconf 85' lang='lat' dir='ltr'>spiritalem</span> <span class='ocrx_word' id='word_1_10' title='bbox 412 629 496 691; x_wconf 88' lang='lat' dir='ltr'>lilium</span> <span class='ocrx_word' id='word_1_11' title='bbox 506 643 640 704; x_wconf 85' lang='lat' dir='ltr'>nostram,</span> <span class='ocrx_word' id='word_1_12' title='bbox 667 636 796 693; x_wconf 81' lang='lat' dir='ltr'>doninum</span> <span class='ocrx_word' id='word_1_13' title='bbox 818 637 906 694; x_wconf 83' lang='lat' dir='ltr'>Ludo·</span> <span class='ocrx_word' id='word_1_14' title='bbox 919 644 944 702; x_wconf 73' lang='lat' dir='ltr'>A</span> <span class='ocrx_word' id='word_1_15' title='bbox 958 649 986 694; x_wconf 90' lang='lat' dir='ltr'>et</span> <span class='ocrx_word' id='word_1_16' title='bbox 998 639 1025 695; x_wconf 92' lang='lat' dir='ltr'>io</span> <span class='ocrx_word' id='word_1_17' title='bbox 1040 640 1151 699; x_wconf 86' lang='lat' dir='ltr'>arcbivo</span> <span class='ocrx_word' id='word_1_18' title='bbox 1164 649 1258 698; x_wconf 88' lang='lat' dir='ltr'>nostro</span> <span class='ocrx_word' id='word_1_19' title='bbox 1271 640 1351 699; x_wconf 84' lang='lat' dir='ltr'>ltodie</span> <span class='ocrx_word' id='word_1_20' title='bbox 1365 639 1409 698; x_wconf 91' lang='lat' dir='ltr'>illa</span> <span class='ocrx_word' id='word_1_21' title='bbox 1425 642 1563 700; x_wconf 86' lang='lat' dir='ltr'>recondita</span> <span class='ocrx_word' id='word_1_22' title='bbox 1577 643 1748 706; x_wconf 85' lang='lat' dir='ltr'>retinentusl</span> 
     </span>
    </p>
   </div>
   <div class='ocr_carea' id='block_1_6' title="bbox 109 723 906 1628">
    <p class='ocr_par' dir='ltr' id='par_1_6' title="bbox 109 723 906 1628">
     <span class='ocr_line' id='line_1_6' title="bbox 112 723 905 802; baseline 0.008 -23"><span class='ocrx_word' id='word_1_23' title='bbox 112 725 203 783; x_wconf 86' lang='lat' dir='ltr'>vicum</span> <span class='ocrx_word' id='word_1_24' title='bbox 218 723 411 795; x_wconf 70' lang='lat' dir='ltr'>imperatorem</span> <span class='ocrx_word' id='word_1_25' title='bbox 424 727 584 799; x_wconf 75' lang='lat' dir='ltr'>dulgtutum,</span> <span class='ocrx_word' id='word_1_26' title='bbox 609 730 684 802; x_wconf 87' lang='lat' dir='ltr'>regni</span> <span class='ocrx_word' id='word_1_27' title='bbox 696 729 776 800; x_wconf 75' lang='lat' dir='ltr'>lustjus</span> <span class='ocrx_word' id='word_1_28' title='bbox 795 731 905 802; x_wconf 92' lang='lat' dir='ltr'>provin-</span> 
     </span>
     <span class='ocr_line' id='line_1_7' title="bbox 113 815 906 895; baseline 0.003 -18"><span class='ocrx_word' id='word_1_29' title='bbox 113 822 173 888; x_wconf 81' lang='lat' dir='ltr'>ciae,</span> <span class='ocrx_word' id='word_1_30' title='bbox 190 818 294 877; x_wconf 91' lang='lat' dir='ltr'>scilicet</span> <span class='ocrx_word' id='word_1_31' title='bbox 316 819 410 878; x_wconf 84' lang='lat' dir='ltr'>Galliae</span> <span class='ocrx_word' id='word_1_32' title='bbox 434 815 642 895; x_wconf 76' lang='lat' dir='ltr'>totins,&#39;regem,</span> <span class='ocrx_word' id='word_1_33' title='bbox 660 824 799 880; x_wconf 90' lang='lat' dir='ltr'>dominum</span> <span class='ocrx_word' id='word_1_34' title='bbox 814 832 842 879; x_wconf 90' lang='lat' dir='ltr'>et</span> <span class='ocrx_word' id='word_1_35' title='bbox 856 823 906 879; x_wconf 88' lang='lat' dir='ltr'>im·</span> 
     </span>
     <span class='ocr_line' id='line_1_8' title="bbox 114 912 905 986; baseline 0 -16"><span class='ocrx_word' id='word_1_36' title='bbox 114 923 279 986; x_wconf 90' lang='lat' dir='ltr'>peratorem,</span> <span class='ocrx_word' id='word_1_37' title='bbox 308 913 387 970; x_wconf 87' lang='lat' dir='ltr'>sicuti</span> <span class='ocrx_word' id='word_1_38' title='bbox 411 912 468 984; x_wconf 84' lang='lat' dir='ltr'>lam</span> <span class='ocrx_word' id='word_1_39' title='bbox 493 914 586 971; x_wconf 90' lang='lat' dir='ltr'>olima</span> <span class='ocrx_word' id='word_1_40' title='bbox 609 915 665 972; x_wconf 84' lang='lat' dir='ltr'>ileo</span> <span class='ocrx_word' id='word_1_41' title='bbox 693 917 905 986; x_wconf 83' lang='lat' dir='ltr'>praeordinatum</span> 
     </span>
     <span class='ocr_line' id='line_1_9' title="bbox 113 1001 906 1080; baseline 0.003 -18"><span class='ocrx_word' id='word_1_42' title='bbox 113 1020 177 1062; x_wconf 86' lang='lat' dir='ltr'>esse</span> <span class='ocrx_word' id='word_1_43' title='bbox 189 1013 305 1070; x_wconf 87' lang='lat' dir='ltr'>constat,</span> <span class='ocrx_word' id='word_1_44' title='bbox 318 1013 346 1061; x_wconf 91' lang='lat' dir='ltr'>et</span> <span class='ocrx_word' id='word_1_45' title='bbox 359 1006 394 1061; x_wconf 88' lang='lat' dir='ltr'>ab</span> <span class='ocrx_word' id='word_1_46' title='bbox 405 1006 625 1063; x_wconf 76' lang='lat' dir='ltr'>antecessoribus</span> <span class='ocrx_word' id='word_1_47' title='bbox 649 1001 750 1064; x_wconf 86' lang='lat' dir='ltr'>nostris</span> <span class='ocrx_word' id='word_1_48' title='bbox 771 1008 906 1080; x_wconf 87' lang='lat' dir='ltr'>pontilici-</span> 
     </span>
     <span class='ocr_line' id='line_1_10' title="bbox 112 1089 906 1169; baseline 0.005 -16"><span class='ocrx_word' id='word_1_49' title='bbox 112 1098 165 1155; x_wconf 89' lang='lat' dir='ltr'>bus</span> <span class='ocrx_word' id='word_1_50' title='bbox 187 1089 319 1155; x_wconf 79' lang='lat' dir='ltr'>statuerim</span> <span class='ocrx_word' id='word_1_51' title='bbox 340 1098 432 1154; x_wconf 90' lang='lat' dir='ltr'>multis</span> <span class='ocrx_word' id='word_1_52' title='bbox 445 1099 552 1156; x_wconf 90' lang='lat' dir='ltr'>videtur</span> <span class='ocrx_word' id='word_1_53' title='bbox 574 1100 690 1167; x_wconf 90' lang='lat' dir='ltr'>indiciis,</span> <span class='ocrx_word' id='word_1_54' title='bbox 712 1102 853 1169; x_wconf 90' lang='lat' dir='ltr'>babemus,</span> <span class='ocrx_word' id='word_1_55' title='bbox 878 1112 906 1159; x_wconf 91' lang='lat' dir='ltr'>ct</span> 
     </span>
     <span class='ocr_line' id='line_1_11' title="bbox 112 1188 903 1261; baseline 0.006 -16"><span class='ocrx_word' id='word_1_56' title='bbox 112 1203 256 1261; x_wconf 80' lang='lat' dir='ltr'>quousque</span> <span class='ocrx_word' id='word_1_57' title='bbox 267 1188 430 1258; x_wconf 74' lang='lat' dir='ltr'>superfuerit</span> <span class='ocrx_word' id='word_1_58' title='bbox 442 1190 511 1261; x_wconf 89' lang='lat' dir='ltr'>ipse,</span> <span class='ocrx_word' id='word_1_59' title='bbox 525 1206 587 1246; x_wconf 87' lang='lat' dir='ltr'>eunt</span> <span class='ocrx_word' id='word_1_60' title='bbox 601 1192 702 1249; x_wconf 86' lang='lat' dir='ltr'>babere</span> <span class='ocrx_word' id='word_1_61' title='bbox 726 1194 903 1250; x_wconf 73' lang='lat' dir='ltr'>studebimus.</span> 
     </span>
     <span class='ocr_line' id='line_1_12' title="bbox 112 1281 903 1355; baseline 0.009 -19"><span class='ocrx_word' id='word_1_62' title='bbox 112 1281 191 1350; x_wconf 82' lang='lat' dir='ltr'>Quod</span> <span class='ocrx_word' id='word_1_63' title='bbox 208 1296 274 1338; x_wconf 88' lang='lat' dir='ltr'>sane</span> <span class='ocrx_word' id='word_1_64' title='bbox 287 1297 399 1354; x_wconf 89' lang='lat' dir='ltr'>regnum</span> <span class='ocrx_word' id='word_1_65' title='bbox 417 1283 439 1339; x_wconf 89' lang='lat' dir='ltr'>si</span> <span class='ocrx_word' id='word_1_66' title='bbox 455 1291 584 1354; x_wconf 84' lang='lat' dir='ltr'>tyrannus</span> <span class='ocrx_word' id='word_1_67' title='bbox 599 1283 707 1355; x_wconf 89' lang='lat' dir='ltr'>aliquis,</span> <span class='ocrx_word' id='word_1_68' title='bbox 723 1293 818 1342; x_wconf 88' lang='lat' dir='ltr'>contra</span> <span class='ocrx_word' id='word_1_69' title='bbox 834 1286 903 1343; x_wconf 89' lang='lat' dir='ltr'>divi-</span> 
     </span>
     <span class='ocr_line' id='line_1_13' title="bbox 111 1372 906 1449; baseline 0.011 -24"><span class='ocrx_word' id='word_1_70' title='bbox 111 1386 178 1426; x_wconf 83' lang='lat' dir='ltr'>naan</span> <span class='ocrx_word' id='word_1_71' title='bbox 191 1380 220 1426; x_wconf 91' lang='lat' dir='ltr'>et</span> <span class='ocrx_word' id='word_1_72' title='bbox 233 1372 407 1442; x_wconf 88' lang='lat' dir='ltr'>apostolicam</span> <span class='ocrx_word' id='word_1_73' title='bbox 422 1372 600 1442; x_wconf 87' lang='lat' dir='ltr'>voluntatem,</span> <span class='ocrx_word' id='word_1_74' title='bbox 625 1375 751 1433; x_wconf 87' lang='lat' dir='ltr'>invadere</span> <span class='ocrx_word' id='word_1_75' title='bbox 775 1393 906 1449; x_wconf 75' lang='lat' dir='ltr'>praesunt-</span> 
     </span>
     <span class='ocr_line' id='line_1_14' title="bbox 109 1460 906 1533; baseline 0.013 -18"><span class='ocrx_word' id='word_1_76' title='bbox 109 1460 208 1533; x_wconf 88' lang='lat' dir='ltr'>pserit,</span> <span class='ocrx_word' id='word_1_77' title='bbox 220 1462 374 1533; x_wconf 75' lang='lat' dir='ltr'>apostolicae</span> <span class='ocrx_word' id='word_1_78' title='bbox 387 1464 446 1519; x_wconf 91' lang='lat' dir='ltr'>sine</span> <span class='ocrx_word' id='word_1_79' title='bbox 462 1480 536 1521; x_wconf 91' lang='lat' dir='ltr'>mora</span> <span class='ocrx_word' id='word_1_80' title='bbox 552 1466 696 1523; x_wconf 81' lang='lat' dir='ltr'>sustinebit</span> <span class='ocrx_word' id='word_1_81' title='bbox 710 1467 821 1525; x_wconf 87' lang='lat' dir='ltr'>ultionis</span> <span class='ocrx_word' id='word_1_82' title='bbox 843 1485 906 1527; x_wconf 89' lang='lat' dir='ltr'>cen-</span> 
     </span>
     <span class='ocr_line' id='line_1_15' title="bbox 109 1552 906 1628; baseline 0.011 -18"><span class='ocrx_word' id='word_1_83' title='bbox 109 1568 215 1610; x_wconf 85' lang='lat' dir='ltr'>suram.</span> <span class='ocrx_word' id='word_1_84' title='bbox 230 1552 361 1628; x_wconf 85' lang='lat' dir='ltr'>Optamus</span> <span class='ocrx_word' id='word_1_85' title='bbox 374 1557 543 1616; x_wconf 89' lang='lat' dir='ltr'>nobilitatem</span> <span class='ocrx_word' id='word_1_86' title='bbox 563 1569 682 1617; x_wconf 89' lang='lat' dir='ltr'>vestram</span> <span class='ocrx_word' id='word_1_87' title='bbox 711 1561 834 1619; x_wconf 90' lang='lat' dir='ltr'>unanimi</span> <span class='ocrx_word' id='word_1_88' title='bbox 860 1565 906 1618; x_wconf 91' lang='lat' dir='ltr'>de·</span> 
     </span>
    </p>
   </div>
   <div class='ocr_carea' id='block_1_7' title="bbox 108 1643 905 1811">
    <p class='ocr_par' dir='ltr' id='par_1_7' title="bbox 108 1643 905 1811">
     <span class='ocr_line' id='line_1_16' title="bbox 108 1643 905 1715; baseline 0.018 -17"><span class='ocrx_word' id='word_1_89' title='bbox 108 1643 221 1701; x_wconf 87' lang='lat' dir='ltr'>votione</span> <span class='ocrx_word' id='word_1_90' title='bbox 234 1648 394 1715; x_wconf 84' lang='lat' dir='ltr'>consistere,</span> <span class='ocrx_word' id='word_1_91' title='bbox 410 1658 439 1705; x_wconf 91' lang='lat' dir='ltr'>et</span> <span class='ocrx_word' id='word_1_92' title='bbox 453 1650 481 1707; x_wconf 94' lang='lat' dir='ltr'>in</span> <span class='ocrx_word' id='word_1_93' title='bbox 494 1648 631 1708; x_wconf 89' lang='lat' dir='ltr'>insolubili</span> <span class='ocrx_word' id='word_1_94' title='bbox 645 1652 905 1713; x_wconf 88' lang='lat' dir='ltr'>charitatisvinculo</span> 
     </span>
     <span class='ocr_line' id='line_1_17' title="bbox 108 1736 404 1811; baseline 0.02 -20"><span class='ocrx_word' id='word_1_95' title='bbox 108 1748 224 1794; x_wconf 85' lang='lat' dir='ltr'>manere</span> <span class='ocrx_word' id='word_1_96' title='bbox 237 1736 404 1811; x_wconf 74' lang='lat' dir='ltr'>coniunctos.</span> 
     </span>
    </p>
   </div>
   <div class='ocr_carea' id='block_1_8' title="bbox 468 1853 562 1914">
    <p class='ocr_par' dir='ltr' id='par_1_8' title="bbox 468 1853 562 1914">
     <span class='ocr_line' id='line_1_18' title="bbox 468 1853 562 1914; baseline 0.021 -4"><span class='ocrx_word' id='word_1_97' title='bbox 468 1853 562 1914; x_wconf 79' lang='lat' dir='ltr'>xxiv.</span> 
     </span>
    </p>
   </div>
   <div class='ocr_carea' id='block_1_9' title="bbox 301 1982 718 2152">
    <p class='ocr_par' dir='ltr' id='par_1_9' title="bbox 301 1982 718 2152">
     <span class='ocr_line' id='line_1_19' title="bbox 301 1982 718 2028; baseline 0.01 -4"><span class='ocrx_word' id='word_1_98' title='bbox 301 1982 477 2028; x_wconf 71' lang='lat' dir='ltr'>mutuaturi</span> <span class='ocrx_word' id='word_1_99' title='bbox 494 1983 602 2027; x_wconf 65' lang='lat' dir='ltr'>catull</span> <span class='ocrx_word' id='word_1_100' title='bbox 619 1984 718 2028; x_wconf 67' lang='grc' dir='ltr'>ΙιΙῦΕΙ.</span> 
     </span>
     <span class='ocr_line' id='line_1_20' title="bbox 413 2078 607 2152; baseline 0.005 -17"><span class='ocrx_word' id='word_1_101' title='bbox 413 2078 508 2152; x_wconf 75' lang='lat' dir='ltr'>(anno</span> <span class='ocrx_word' id='word_1_102' title='bbox 524 2079 587 2137; x_wconf 85' lang='lat' dir='ltr'>sno.</span> <span class='ocrx_word' id='word_1_103' title='bbox 594 2079 607 2152; x_wconf 75' lang='lat' dir='ltr'>t</span> 
     </span>
    </p>
   </div>
   <div class='ocr_carea' id='block_1_10' title="bbox 101 2189 904 3278">
    <p class='ocr_par' dir='ltr' id='par_1_10' title="bbox 104 2189 904 2730">
     <span class='ocr_line' id='line_1_21' title="bbox 104 2189 904 2269; baseline 0.01 -21"><span class='ocrx_word' id='word_1_104' title='bbox 104 2189 207 2265; x_wconf 58' lang='lat' dir='ltr'>&amp;pem</span> <span class='ocrx_word' id='word_1_105' title='bbox 230 2193 346 2265; x_wconf 80' lang='lat' dir='ltr'>increpat</span> <span class='ocrx_word' id='word_1_106' title='bbox 360 2196 430 2265; x_wconf 83' lang='lat' dir='ltr'>quoti</span> <span class='ocrx_word' id='word_1_107' title='bbox 453 2193 573 2252; x_wconf 70' lang='lat' dir='ltr'>lotharii</span> <span class='ocrx_word' id='word_1_108' title='bbox 587 2214 695 2269; x_wconf 75' lang='lat' dir='ltr'>regnum</span> <span class='ocrx_word' id='word_1_109' title='bbox 715 2199 855 2266; x_wconf 76' lang='lat' dir='ltr'>inuaserat,</span> <span class='ocrx_word' id='word_1_110' title='bbox 878 2210 904 2256; x_wconf 87' lang='lat' dir='ltr'>el</span> 
     </span>
     <span class='ocr_line' id='line_1_22' title="bbox 147 2263 903 2341; baseline 0.009 -23"><span class='ocrx_word' id='word_1_111' title='bbox 147 2263 218 2318; x_wconf 80' lang='lat' dir='ltr'>redis</span> <span class='ocrx_word' id='word_1_112' title='bbox 242 2263 393 2334; x_wconf 71' lang='lat' dir='ltr'>oportuisse</span> <span class='ocrx_word' id='word_1_113' title='bbox 409 2265 506 2336; x_wconf 79' lang='lat' dir='ltr'>legulos</span> <span class='ocrx_word' id='word_1_114' title='bbox 524 2268 726 2338; x_wconf 82' lang='lat' dir='ltr'>contempserit:</span> <span class='ocrx_word' id='word_1_115' title='bbox 744 2271 903 2341; x_wconf 79' lang='lat' dir='ltr'>mandatque</span> 
     </span>
     <span class='ocr_line' id='line_1_23' title="bbox 147 2333 901 2409; baseline 0.011 -21"><span class='ocrx_word' id='word_1_116' title='bbox 147 2342 176 2388; x_wconf 83' lang='lat' dir='ltr'>ut</span> <span class='ocrx_word' id='word_1_117' title='bbox 189 2348 268 2403; x_wconf 81' lang='lat' dir='ltr'>reparo</span> <span class='ocrx_word' id='word_1_118' title='bbox 279 2333 325 2387; x_wconf 87' lang='lat' dir='ltr'>iilo</span> <span class='ocrx_word' id='word_1_119' title='bbox 339 2335 458 2399; x_wconf 82' lang='lat' dir='ltr'>eacedm,</span> <span class='ocrx_word' id='word_1_120' title='bbox 473 2345 497 2390; x_wconf 84' lang='lat' dir='ltr'>et</span> <span class='ocrx_word' id='word_1_121' title='bbox 510 2336 577 2391; x_wconf 79' lang='lat' dir='ltr'>ulica</span> <span class='ocrx_word' id='word_1_122' title='bbox 590 2337 689 2408; x_wconf 82' lang='lat' dir='ltr'>lepotoa</span> <span class='ocrx_word' id='word_1_123' title='bbox 700 2339 808 2409; x_wconf 81' lang='lat' dir='ltr'>benique</span> <span class='ocrx_word' id='word_1_124' title='bbox 818 2342 901 2396; x_wconf 74' lang='grc' dir='ltr'>ιιιιεί-</span> 
     </span>
     <span class='ocr_line' id='line_1_24' title="bbox 146 2401 903 2475; baseline 0.013 -18"><span class='ocrx_word' id='word_1_125' title='bbox 146 2403 215 2475; x_wconf 85' lang='lat' dir='ltr'>pict,</span> <span class='ocrx_word' id='word_1_126' title='bbox 243 2401 373 2457; x_wconf 76' lang='lat' dir='ltr'>ioannem</span> <span class='ocrx_word' id='word_1_127' title='bbox 394 2403 527 2470; x_wconf 84' lang='lat' dir='ltr'>uidelicet,</span> <span class='ocrx_word' id='word_1_128' title='bbox 551 2405 679 2474; x_wconf 81' lang='lat' dir='ltr'>Petrum,</span> <span class='ocrx_word' id='word_1_129' title='bbox 700 2408 858 2466; x_wconf 85' lang='lat' dir='ltr'>Wibbodum</span> <span class='ocrx_word' id='word_1_130' title='bbox 871 2428 903 2467; x_wconf 81' lang='lat' dir='ltr'>nc</span> 
     </span>
     <span class='ocr_line' id='line_1_25' title="bbox 145 2471 902 2598; baseline 0.011 -71"><span class='ocrx_word' id='word_1_131' title='bbox 145 2473 277 2598; x_wconf 47' lang='lat' dir='ltr'>migrem</span> <span class='ocrx_word' id='word_1_132' title='bbox 292 2473 442 2546; x_wconf 79' lang='lat' dir='ltr'>episcopor,</span> <span class='ocrx_word' id='word_1_133' title='bbox 456 2484 481 2531; x_wconf 86' lang='lat' dir='ltr'>et</span> <span class='ocrx_word' id='word_1_134' title='bbox 501 2471 610 2532; x_wconf 83' lang='lat' dir='ltr'>Petrum</span> <span class='ocrx_word' id='word_1_135' title='bbox 619 2478 797 2550; x_wconf 74' lang='lat' dir='ltr'>presbyterum</span> <span class='ocrx_word' id='word_1_136' title='bbox 812 2482 902 2536; x_wconf 84' lang='lat' dir='ltr'>cordi·</span> 
     </span>
     <span class='ocr_line' id='line_1_26' title="bbox 146 2655 902 2730; baseline 0.016 -21"><span class='ocrx_word' id='word_1_137' title='bbox 146 2655 284 2711; x_wconf 77' lang='lat' dir='ltr'>dustanus</span> <span class='ocrx_word' id='word_1_138' title='bbox 297 2655 452 2729; x_wconf 90' lang='lat' dir='ltr'>episcopus,</span> <span class='ocrx_word' id='word_1_139' title='bbox 465 2671 560 2714; x_wconf 83' lang='lat' dir='ltr'>servm</span> <span class='ocrx_word' id='word_1_140' title='bbox 573 2672 716 2716; x_wconf 86' lang='lat' dir='ltr'>servorum</span> <span class='ocrx_word' id='word_1_141' title='bbox 728 2659 788 2730; x_wconf 81' lang='lat' dir='ltr'>lici,</span> <span class='ocrx_word' id='word_1_142' title='bbox 803 2661 902 2721; x_wconf 80' lang='lat' dir='ltr'>dilecte</span> 
     </span>
    </p>

    <p class='ocr_par' dir='ltr' id='par_1_11' title="bbox 105 2745 902 2912">
     <span class='ocr_line' id='line_1_27' title="bbox 105 2745 499 2822; baseline 0.008 -20"><span class='ocrx_word' id='word_1_143' title='bbox 105 2746 165 2803; x_wconf 88' lang='lat' dir='ltr'>fllic</span> <span class='ocrx_word' id='word_1_144' title='bbox 178 2745 287 2805; x_wconf 80' lang='lat' dir='ltr'>Glauco</span> <span class='ocrx_word' id='word_1_145' title='bbox 300 2746 416 2820; x_wconf 88' lang='lat' dir='ltr'>glorioso</span> <span class='ocrx_word' id='word_1_146' title='bbox 431 2750 499 2822; x_wconf 88' lang='lat' dir='ltr'>regi.</span> 
     </span>
     <span class='ocr_line' id='line_1_28' title="bbox 145 2837 902 2912; baseline 0.012 -18"><span class='ocrx_word' id='word_1_147' title='bbox 145 2850 159 2880; x_wconf 77' lang='lat'>⁸</span> <span class='ocrx_word' id='word_1_148' title='bbox 174 2837 319 2895; x_wconf 77' lang='lat' dir='ltr'>Sacrorum</span> <span class='ocrx_word' id='word_1_149' title='bbox 332 2837 424 2910; x_wconf 92' lang='lat' dir='ltr'>itaque</span> <span class='ocrx_word' id='word_1_150' title='bbox 445 2839 601 2912; x_wconf 86' lang='lat' dir='ltr'>dogmatum</span> <span class='ocrx_word' id='word_1_151' title='bbox 626 2842 838 2901; x_wconf 89' lang='lat' dir='ltr'>evidentissimis</span> <span class='ocrx_word' id='word_1_152' title='bbox 852 2848 902 2903; x_wconf 93' lang='lat' dir='ltr'>do·</span> 
     </span>
    </p>

    <p class='ocr_par' dir='ltr' id='par_1_12' title="bbox 105 2929 902 3007">
     <span class='ocr_line' id='line_1_29' title="bbox 105 2929 902 3007; baseline 0.01 -20"><span class='ocrx_word' id='word_1_153' title='bbox 105 2929 242 2987; x_wconf 77' lang='lat' dir='ltr'>armentis</span> <span class='ocrx_word' id='word_1_154' title='bbox 252 2937 280 2984; x_wconf 90' lang='lat' dir='ltr'>et</span> <span class='ocrx_word' id='word_1_155' title='bbox 291 2929 446 3000; x_wconf 90' lang='lat' dir='ltr'>apostolicis</span> <span class='ocrx_word' id='word_1_156' title='bbox 461 2930 642 2989; x_wconf 78' lang='lat' dir='ltr'>informamur</span> <span class='ocrx_word' id='word_1_157' title='bbox 655 2935 796 3007; x_wconf 81' lang='lat' dir='ltr'>exemplis,</span> <span class='ocrx_word' id='word_1_158' title='bbox 811 2947 841 2992; x_wconf 91' lang='grc' dir='ltr'>ιιι</span> <span class='ocrx_word' id='word_1_159' title='bbox 851 2940 902 2995; x_wconf 91' lang='lat' dir='ltr'>mi·</span> 
     </span>
    </p>

    <p class='ocr_par' dir='ltr' id='par_1_13' title="bbox 106 3019 903 3101">
     <span class='ocr_line' id='line_1_30' title="bbox 106 3019 903 3101; baseline 0.013 -25"><span class='ocrx_word' id='word_1_160' title='bbox 106 3019 163 3076; x_wconf 91' lang='lat' dir='ltr'>tius</span> <span class='ocrx_word' id='word_1_161' title='bbox 178 3034 257 3090; x_wconf 85' lang='lat' dir='ltr'>agere</span> <span class='ocrx_word' id='word_1_162' title='bbox 273 3019 420 3077; x_wconf 85' lang='lat' dir='ltr'>debeamus</span> <span class='ocrx_word' id='word_1_163' title='bbox 435 3036 497 3077; x_wconf 90' lang='lat' dir='ltr'>cunr</span> <span class='ocrx_word' id='word_1_164' title='bbox 517 3022 646 3090; x_wconf 89' lang='lat' dir='ltr'>mitibus,</span> <span class='ocrx_word' id='word_1_165' title='bbox 670 3034 698 3081; x_wconf 90' lang='lat' dir='ltr'>et</span> <span class='ocrx_word' id='word_1_166' title='bbox 719 3027 839 3083; x_wconf 88' lang='lat' dir='ltr'>severius</span> <span class='ocrx_word' id='word_1_167' title='bbox 854 3044 903 3101; x_wconf 91' lang='lat' dir='ltr'>pcr</span> 
     </span>
    </p>

    <p class='ocr_par' dir='ltr' id='par_1_14' title="bbox 101 3111 903 3190">
     <span class='ocr_line' id='line_1_31' title="bbox 101 3111 903 3190; baseline 0.015 -24"><span class='ocrx_word' id='word_1_168' title='bbox 101 3111 241 3184; x_wconf 72' lang='lat' dir='ltr'>justitiam</span> <span class='ocrx_word' id='word_1_169' title='bbox 263 3111 452 3182; x_wconf 84' lang='lat' dir='ltr'>delinquentes</span> <span class='ocrx_word' id='word_1_170' title='bbox 473 3114 663 3186; x_wconf 88' lang='lat' dir='ltr'>corripiamus.</span> <span class='ocrx_word' id='word_1_171' title='bbox 680 3115 734 3174; x_wconf 89' lang='lat' dir='ltr'>Sed</span> <span class='ocrx_word' id='word_1_172' title='bbox 752 3134 840 3190; x_wconf 90' lang='lat' dir='ltr'>neque</span> <span class='ocrx_word' id='word_1_173' title='bbox 853 3137 903 3179; x_wconf 92' lang='lat' dir='ltr'>nos</span> 
     </span>
    </p>

    <p class='ocr_par' dir='ltr' id='par_1_15' title="bbox 105 3202 903 3278">
     <span class='ocr_line' id='line_1_32' title="bbox 105 3202 903 3278; baseline 0.01 -20"><span class='ocrx_word' id='word_1_174' title='bbox 105 3203 165 3259; x_wconf 85' lang='lat' dir='ltr'>Deo</span> <span class='ocrx_word' id='word_1_175' title='bbox 188 3202 296 3273; x_wconf 89' lang='lat' dir='ltr'>placere</span> <span class='ocrx_word' id='word_1_176' title='bbox 319 3218 482 3275; x_wconf 88' lang='lat' dir='ltr'>possumus,</span> <span class='ocrx_word' id='word_1_177' title='bbox 520 3205 544 3262; x_wconf 94' lang='lat' dir='ltr'>si</span> <span class='ocrx_word' id='word_1_178' title='bbox 566 3207 685 3278; x_wconf 87' lang='lat' dir='ltr'>pastoris</span> <span class='ocrx_word' id='word_1_179' title='bbox 706 3209 794 3266; x_wconf 89' lang='lat' dir='ltr'>vicem</span> <span class='ocrx_word' id='word_1_180' title='bbox 816 3212 903 3268; x_wconf 90' lang='lat' dir='ltr'>susci·</span> 
     </span>
    </p>
   </div>
   <div class='ocr_carea' id='block_1_11' title="bbox 103 3295 902 3368">
    <p class='ocr_par' dir='ltr' id='par_1_16' title="bbox 103 3295 902 3368">
     <span class='ocr_line' id='line_1_33' title="bbox 103 3295 902 3368; baseline 0.01 -16"><span class='ocrx_word' id='word_1_181' title='bbox 103 3295 223 3367; x_wconf 80' lang='lat' dir='ltr'>pientes,</span> <span class='ocrx_word' id='word_1_182' title='bbox 238 3309 293 3352; x_wconf 93' lang='lat' dir='ltr'>non</span> <span class='ocrx_word' id='word_1_183' title='bbox 308 3309 375 3368; x_wconf 88' lang='lat' dir='ltr'>opus</span> <span class='ocrx_word' id='word_1_184' title='bbox 388 3296 523 3367; x_wconf 89' lang='lat' dir='ltr'>pastoris,</span> <span class='ocrx_word' id='word_1_185' title='bbox 549 3298 597 3355; x_wconf 88' lang='lat' dir='ltr'>sed</span> <span class='ocrx_word' id='word_1_186' title='bbox 618 3301 778 3358; x_wconf 87' lang='lat' dir='ltr'>mercenarii</span> <span class='ocrx_word' id='word_1_187' title='bbox 790 3301 902 3360; x_wconf 88' lang='lat' dir='ltr'>latibula</span> 
     </span>
    </p>
   </div>
   <div class='ocr_carea' id='block_1_12' title="bbox 953 729 1752 1996">
    <p class='ocr_par' dir='ltr' id='par_1_17' title="bbox 953 729 1752 1996">
     <span class='ocr_line' id='line_1_34' title="bbox 956 729 1748 807; baseline 0.008 -22"><span class='ocrx_word' id='word_1_188' title='bbox 956 729 1034 798; x_wconf 83' lang='lat' dir='ltr'>Quod</span> <span class='ocrx_word' id='word_1_189' title='bbox 1048 732 1071 787; x_wconf 88' lang='lat' dir='ltr'>si</span> <span class='ocrx_word' id='word_1_190' title='bbox 1083 747 1133 789; x_wconf 92' lang='lat' dir='ltr'>uec</span> <span class='ocrx_word' id='word_1_191' title='bbox 1148 732 1196 789; x_wconf 89' lang='lat' dir='ltr'>tibi</span> <span class='ocrx_word' id='word_1_192' title='bbox 1211 734 1264 790; x_wconf 89' lang='lat' dir='ltr'>ista</span> <span class='ocrx_word' id='word_1_193' title='bbox 1280 733 1428 802; x_wconf 86' lang='lat' dir='ltr'>sufficiunt,</span> <span class='ocrx_word' id='word_1_194' title='bbox 1452 745 1516 792; x_wconf 93' lang='lat' dir='ltr'>tunc</span> <span class='ocrx_word' id='word_1_195' title='bbox 1530 736 1563 792; x_wconf 91' lang='lat' dir='ltr'>ad</span> <span class='ocrx_word' id='word_1_196' title='bbox 1579 736 1689 807; x_wconf 74' lang='lat' dir='ltr'>maioris</span> <span class='ocrx_word' id='word_1_197' title='bbox 1705 754 1748 792; x_wconf 86' lang='lat' dir='ltr'>re-</span> 
     </span>
     <span class='ocr_line' id='line_1_35' title="bbox 955 825 1749 898; baseline 0.006 -19"><span class='ocrx_word' id='word_1_198' title='bbox 955 825 1146 894; x_wconf 86' lang='lat' dir='ltr'>prehensionis</span> <span class='ocrx_word' id='word_1_199' title='bbox 1162 834 1214 882; x_wconf 73' lang='lat' dir='ltr'>tusc</span> <span class='ocrx_word' id='word_1_200' title='bbox 1228 827 1365 882; x_wconf 89' lang='lat' dir='ltr'>cumulum</span> <span class='ocrx_word' id='word_1_201' title='bbox 1386 828 1440 883; x_wconf 91' lang='lat' dir='ltr'>tuis</span> <span class='ocrx_word' id='word_1_202' title='bbox 1464 837 1489 882; x_wconf 94' lang='lat' dir='ltr'>te</span> <span class='ocrx_word' id='word_1_203' title='bbox 1512 827 1674 898; x_wconf 82' lang='lat' dir='ltr'>specialibus</span> <span class='ocrx_word' id='word_1_204' title='bbox 1687 845 1749 884; x_wconf 90' lang='lat' dir='ltr'>sen·</span> 
     </span>
     <span class='ocr_line' id='line_1_36' title="bbox 955 916 1747 984; baseline 0.005 -13"><span class='ocrx_word' id='word_1_205' title='bbox 955 916 1048 972; x_wconf 87' lang='lat' dir='ltr'>tentiis</span> <span class='ocrx_word' id='word_1_206' title='bbox 1071 918 1265 982; x_wconf 80' lang='lat' dir='ltr'>convenimus,</span> <span class='ocrx_word' id='word_1_207' title='bbox 1280 927 1307 973; x_wconf 90' lang='lat' dir='ltr'>et</span> <span class='ocrx_word' id='word_1_208' title='bbox 1327 927 1357 973; x_wconf 92' lang='grc' dir='ltr'>ιιι</span> <span class='ocrx_word' id='word_1_209' title='bbox 1371 917 1405 973; x_wconf 91' lang='lat' dir='ltr'>ad</span> <span class='ocrx_word' id='word_1_210' title='bbox 1419 933 1468 974; x_wconf 91' lang='lat' dir='ltr'>cor</span> <span class='ocrx_word' id='word_1_211' title='bbox 1490 929 1566 973; x_wconf 85' lang='lat' dir='ltr'>tuutn</span> <span class='ocrx_word' id='word_1_212' title='bbox 1589 920 1697 984; x_wconf 91' lang='lat' dir='ltr'>redeas,</span> <span class='ocrx_word' id='word_1_213' title='bbox 1714 935 1747 975; x_wconf 85' lang='lat' dir='ltr'>cx</span> 
     </span>
     <span class='ocr_line' id='line_1_37' title="bbox 955 1005 1749 1083; baseline 0.009 -23"><span class='ocrx_word' id='word_1_214' title='bbox 955 1006 1011 1062; x_wconf 91' lang='lat' dir='ltr'>oris</span> <span class='ocrx_word' id='word_1_215' title='bbox 1036 1005 1076 1061; x_wconf 90' lang='lat' dir='ltr'>tui</span> <span class='ocrx_word' id='word_1_216' title='bbox 1102 1005 1318 1078; x_wconf 76' lang='lat' dir='ltr'>professionibus</span> <span class='ocrx_word' id='word_1_217' title='bbox 1343 1008 1496 1064; x_wconf 87' lang='lat' dir='ltr'>incitamus.</span> <span class='ocrx_word' id='word_1_218' title='bbox 1530 1010 1643 1080; x_wconf 57' lang='lat' dir='ltr'>wando</span> <span class='ocrx_word' id='word_1_219' title='bbox 1668 1010 1749 1083; x_wconf 85' lang='lat' dir='ltr'>igitur</span> 
     </span>
     <span class='ocr_line' id='line_1_38' title="bbox 954 1096 1747 1171; baseline 0.006 -19"><span class='ocrx_word' id='word_1_220' title='bbox 954 1096 1094 1165; x_wconf 88' lang='lat' dir='ltr'>Ludovici,</span> <span class='ocrx_word' id='word_1_221' title='bbox 1111 1099 1204 1155; x_wconf 87' lang='lat' dir='ltr'>iratris</span> <span class='ocrx_word' id='word_1_222' title='bbox 1219 1100 1257 1156; x_wconf 92' lang='lat' dir='ltr'>tui</span> <span class='ocrx_word' id='word_1_223' title='bbox 1271 1099 1329 1167; x_wconf 91' lang='lat' dir='ltr'>lilii,</span> <span class='ocrx_word' id='word_1_224' title='bbox 1341 1110 1485 1171; x_wconf 88' lang='lat' dir='ltr'>superatus</span> <span class='ocrx_word' id='word_1_225' title='bbox 1505 1101 1619 1168; x_wconf 88' lang='lat' dir='ltr'>viribus,</span> <span class='ocrx_word' id='word_1_226' title='bbox 1634 1117 1747 1171; x_wconf 84' lang='lat' dir='ltr'>regnum</span> 
     </span>
     <span class='ocr_line' id='line_1_39' title="bbox 954 1191 1748 1264; baseline -0.003 -16"><span class='ocrx_word' id='word_1_227' title='bbox 954 1191 1114 1261; x_wconf 85' lang='lat' dir='ltr'>perdidisti,</span> <span class='ocrx_word' id='word_1_228' title='bbox 1139 1192 1263 1263; x_wconf 90' lang='lat' dir='ltr'>nunquid</span> <span class='ocrx_word' id='word_1_229' title='bbox 1279 1207 1332 1248; x_wconf 91' lang='lat' dir='ltr'>non</span> <span class='ocrx_word' id='word_1_230' title='bbox 1347 1192 1506 1264; x_wconf 88' lang='lat' dir='ltr'>epistolam,</span> <span class='ocrx_word' id='word_1_231' title='bbox 1522 1208 1603 1264; x_wconf 91' lang='lat' dir='ltr'>quam</span> <span class='ocrx_word' id='word_1_232' title='bbox 1617 1193 1748 1249; x_wconf 89' lang='lat' dir='ltr'>babemus</span> 
     </span>
     <span class='ocr_line' id='line_1_40' title="bbox 954 1283 1748 1355; baseline 0 -17"><span class='ocrx_word' id='word_1_233' title='bbox 954 1297 1011 1354; x_wconf 77' lang='lat' dir='ltr'>prae</span> <span class='ocrx_word' id='word_1_234' title='bbox 1023 1284 1161 1346; x_wconf 89' lang='lat' dir='ltr'>manibus,</span> <span class='ocrx_word' id='word_1_235' title='bbox 1177 1283 1235 1339; x_wconf 89' lang='lat' dir='ltr'>sedi</span> <span class='ocrx_word' id='word_1_236' title='bbox 1248 1283 1404 1355; x_wconf 76' lang='lat' dir='ltr'>apostolicae</span> <span class='ocrx_word' id='word_1_237' title='bbox 1416 1283 1537 1339; x_wconf 80' lang='lat' dir='ltr'>direxisti</span> <span class='ocrx_word' id='word_1_238' title='bbox 1550 1284 1561 1338; x_wconf 81' lang='grc' dir='ltr'>ι</span> <span class='ocrx_word' id='word_1_239' title='bbox 1574 1285 1601 1339; x_wconf 95' lang='lat' dir='ltr'>in</span> <span class='ocrx_word' id='word_1_240' title='bbox 1613 1299 1666 1354; x_wconf 90' lang='lat' dir='ltr'>qua</span> <span class='ocrx_word' id='word_1_241' title='bbox 1678 1284 1748 1339; x_wconf 89' lang='lat' dir='ltr'>inter</span> 
     </span>
     <span class='ocr_line' id='line_1_41' title="bbox 955 1376 1748 1434; baseline 0 -2"><span class='ocrx_word' id='word_1_242' title='bbox 955 1386 1052 1433; x_wconf 78' lang='lat' dir='ltr'>cetera</span> <span class='ocrx_word' id='word_1_243' title='bbox 1080 1376 1223 1434; x_wconf 81' lang='lat' dir='ltr'>confessus</span> <span class='ocrx_word' id='word_1_244' title='bbox 1240 1377 1315 1433; x_wconf 85' lang='lat' dir='ltr'>luisti</span> <span class='ocrx_word' id='word_1_245' title='bbox 1339 1377 1450 1433; x_wconf 88' lang='lat' dir='ltr'>dicens:</span> <span class='ocrx_word' id='word_1_246' title='bbox 1468 1376 1535 1431; x_wconf 81' lang='lat' dir='ltr'>Cum</span> <span class='ocrx_word' id='word_1_247' title='bbox 1556 1376 1686 1432; x_wconf 87' lang='lat' dir='ltr'>iratribus</span> <span class='ocrx_word' id='word_1_248' title='bbox 1698 1391 1748 1432; x_wconf 71' lang='lat' dir='ltr'>no-</span> 
     </span>
     <span class='ocr_line' id='line_1_42' title="bbox 955 1466 1748 1539; baseline 0.003 -17"><span class='ocrx_word' id='word_1_249' title='bbox 955 1468 1020 1523; x_wconf 87' lang='lat' dir='ltr'>stris</span> <span class='ocrx_word' id='word_1_250' title='bbox 1032 1478 1095 1539; x_wconf 90' lang='lat' dir='ltr'>post</span> <span class='ocrx_word' id='word_1_251' title='bbox 1108 1468 1287 1524; x_wconf 78' lang='lat' dir='ltr'>Fontamcum</span> <span class='ocrx_word' id='word_1_252' title='bbox 1300 1466 1400 1523; x_wconf 90' lang='lat' dir='ltr'>bellum</span> <span class='ocrx_word' id='word_1_253' title='bbox 1418 1468 1445 1523; x_wconf 94' lang='lat' dir='ltr'>in</span> <span class='ocrx_word' id='word_1_254' title='bbox 1461 1483 1544 1522; x_wconf 92' lang='lat' dir='ltr'>unum</span> <span class='ocrx_word' id='word_1_255' title='bbox 1558 1468 1748 1532; x_wconf 83' lang='lat' dir='ltr'>convenimus,</span> 
     </span>
     <span class='ocr_line' id='line_1_43' title="bbox 954 1557 1749 1630; baseline 0.003 -17"><span class='ocrx_word' id='word_1_256' title='bbox 954 1567 992 1623; x_wconf 92' lang='lat' dir='ltr'>et,</span> <span class='ocrx_word' id='word_1_257' title='bbox 1007 1557 1078 1614; x_wconf 91' lang='lat' dir='ltr'>inter</span> <span class='ocrx_word' id='word_1_258' title='bbox 1095 1574 1145 1614; x_wconf 91' lang='lat' dir='ltr'>nos</span> <span class='ocrx_word' id='word_1_259' title='bbox 1159 1558 1291 1614; x_wconf 88' lang='lat' dir='ltr'>divisione</span> <span class='ocrx_word' id='word_1_260' title='bbox 1303 1574 1449 1630; x_wconf 86' lang='lat' dir='ltr'>regnorum</span> <span class='ocrx_word' id='word_1_261' title='bbox 1461 1557 1554 1625; x_wconf 84' lang='lat' dir='ltr'>lacta,</span> <span class='ocrx_word' id='word_1_262' title='bbox 1574 1574 1668 1630; x_wconf 90' lang='lat' dir='ltr'>pacem</span> <span class='ocrx_word' id='word_1_263' title='bbox 1684 1558 1749 1615; x_wconf 87' lang='lat' dir='ltr'>ieci·</span> 
     </span>
     <span class='ocr_line' id='line_1_44' title="bbox 954 1645 1748 1723; baseline 0.003 -18"><span class='ocrx_word' id='word_1_264' title='bbox 954 1645 1026 1716; x_wconf 91' lang='lat' dir='ltr'>mus,</span> <span class='ocrx_word' id='word_1_265' title='bbox 1037 1659 1067 1706; x_wconf 91' lang='lat' dir='ltr'>et</span> <span class='ocrx_word' id='word_1_266' title='bbox 1076 1648 1255 1723; x_wconf 84' lang='lat' dir='ltr'>jurejurando</span> <span class='ocrx_word' id='word_1_267' title='bbox 1267 1650 1430 1722; x_wconf 78' lang='lat' dir='ltr'>juravimus,</span> <span class='ocrx_word' id='word_1_268' title='bbox 1446 1651 1519 1722; x_wconf 91' lang='lat' dir='ltr'>quod</span> <span class='ocrx_word' id='word_1_269' title='bbox 1531 1666 1610 1709; x_wconf 75' lang='lat' dir='ltr'>tremo</span> <span class='ocrx_word' id='word_1_270' title='bbox 1624 1661 1748 1709; x_wconf 85' lang='lat' dir='ltr'>nostrum</span> 
     </span>
     <span class='ocr_line' id='line_1_45' title="bbox 954 1740 1749 1815; baseline 0.004 -18"><span class='ocrx_word' id='word_1_271' title='bbox 954 1743 1030 1815; x_wconf 88' lang='lat' dir='ltr'>regni</span> <span class='ocrx_word' id='word_1_272' title='bbox 1052 1742 1166 1798; x_wconf 90' lang='lat' dir='ltr'>alterius</span> <span class='ocrx_word' id='word_1_273' title='bbox 1191 1749 1279 1797; x_wconf 89' lang='lat' dir='ltr'>metas</span> <span class='ocrx_word' id='word_1_274' title='bbox 1294 1741 1447 1798; x_wconf 90' lang='lat' dir='ltr'>invaderet.</span> <span class='ocrx_word' id='word_1_275' title='bbox 1470 1740 1548 1798; x_wconf 88' lang='lat' dir='ltr'>Nunc</span> <span class='ocrx_word' id='word_1_276' title='bbox 1563 1753 1652 1799; x_wconf 82' lang='lat' dir='ltr'>autent</span> <span class='ocrx_word' id='word_1_277' title='bbox 1666 1760 1749 1815; x_wconf 83' lang='lat' dir='ltr'>regno</span> 
     </span>
     <span class='ocr_line' id='line_1_46' title="bbox 953 1823 1752 1909; baseline 0.005 -18"><span class='ocrx_word' id='word_1_278' title='bbox 953 1823 1015 1892; x_wconf 91' lang='lat' dir='ltr'>mco</span> <span class='ocrx_word' id='word_1_279' title='bbox 1026 1833 1190 1905; x_wconf 79' lang='lat' dir='ltr'>iuramentis</span> <span class='ocrx_word' id='word_1_280' title='bbox 1212 1835 1312 1906; x_wconf 89' lang='lat' dir='ltr'>spretis</span> <span class='ocrx_word' id='word_1_281' title='bbox 1325 1835 1421 1892; x_wconf 82' lang='lat' dir='ltr'>irtvaso</span> <span class='ocrx_word' id='word_1_282' title='bbox 1434 1846 1515 1909; x_wconf 88' lang='lat' dir='ltr'>atquc</span> <span class='ocrx_word' id='word_1_283' title='bbox 1530 1835 1653 1904; x_wconf 88' lang='lat' dir='ltr'>sublato,</span> <span class='ocrx_word' id='word_1_284' title='bbox 1671 1839 1752 1895; x_wconf 76' lang='lat' dir='ltr'>nuisc-</span> 
     </span>
     <span class='ocr_line' id='line_1_47' title="bbox 955 1925 1751 1996; baseline 0.004 -15"><span class='ocrx_word' id='word_1_285' title='bbox 955 1934 1048 1981; x_wconf 90' lang='lat' dir='ltr'>reatcr</span> <span class='ocrx_word' id='word_1_286' title='bbox 1060 1935 1152 1982; x_wconf 90' lang='lat' dir='ltr'>vester</span> <span class='ocrx_word' id='word_1_287' title='bbox 1165 1925 1345 1996; x_wconf 88' lang='lat' dir='ltr'>apostolatus,</span> <span class='ocrx_word' id='word_1_288' title='bbox 1361 1933 1389 1981; x_wconf 90' lang='lat' dir='ltr'>et</span> <span class='ocrx_word' id='word_1_289' title='bbox 1404 1940 1550 1982; x_wconf 84' lang='lat' dir='ltr'>nonomen</span> <span class='ocrx_word' id='word_1_290' title='bbox 1563 1927 1665 1983; x_wconf 77' lang='lat' dir='ltr'>Christi</span> <span class='ocrx_word' id='word_1_291' title='bbox 1679 1926 1751 1984; x_wconf 87' lang='lat' dir='ltr'>blas·</span> 
     </span>
    </p>
   </div>
   <div class='ocr_carea' id='block_1_13' title="bbox 917 2014 1751 2096">
    <p class='ocr_par' dir='ltr' id='par_1_18' title="bbox 917 2014 1751 2096">
     <span class='ocr_line' id='line_1_48' title="bbox 917 2014 1751 2096; baseline -0.001 -21"><span class='ocrx_word' id='word_1_292' title='bbox 917 2014 1099 2088; x_wconf 87' lang='lat' dir='ltr'>Bpltcmetur</span> <span class='ocrx_word' id='word_1_293' title='bbox 1122 2017 1302 2090; x_wconf 82' lang='lat' dir='ltr'>ingentibus,</span> <span class='ocrx_word' id='word_1_294' title='bbox 1325 2017 1384 2096; x_wconf 84' lang='lat' dir='ltr'>sine</span> <span class='ocrx_word' id='word_1_295' title='bbox 1406 2017 1563 2074; x_wconf 82' lang='lat' dir='ltr'>vindicante</span> <span class='ocrx_word' id='word_1_296' title='bbox 1575 2016 1681 2075; x_wconf 87' lang='lat' dir='ltr'>iacinus</span> <span class='ocrx_word' id='word_1_297' title='bbox 1697 2034 1751 2075; x_wconf 93' lang='lat' dir='ltr'>non</span> 
     </span>
    </p>
   </div>
   <div class='ocr_carea' id='block_1_14' title="bbox 954 2107 1751 3376">
    <p class='ocr_par' dir='ltr' id='par_1_19' title="bbox 954 2107 1751 3376">
     <span class='ocr_line' id='line_1_49' title="bbox 955 2107 1751 2181; baseline 0.004 -18"><span class='ocrx_word' id='word_1_298' title='bbox 955 2107 1133 2180; x_wconf 85' lang='lat' dir='ltr'>relinquatur.</span> <span class='ocrx_word' id='word_1_299' title='bbox 1161 2108 1232 2165; x_wconf 86' lang='lat' dir='ltr'>Ecce</span> <span class='ocrx_word' id='word_1_300' title='bbox 1246 2108 1361 2179; x_wconf 90' lang='lat' dir='ltr'>qualiter</span> <span class='ocrx_word' id='word_1_301' title='bbox 1376 2108 1465 2164; x_wconf 90' lang='lat' dir='ltr'>aliena</span> <span class='ocrx_word' id='word_1_302' title='bbox 1484 2108 1533 2166; x_wconf 87' lang='lat' dir='ltr'>tibi</span> <span class='ocrx_word' id='word_1_303' title='bbox 1558 2111 1751 2181; x_wconf 78' lang='lat' dir='ltr'>cortctmisccre</span> 
     </span>
     <span class='ocr_line' id='line_1_50' title="bbox 955 2200 1751 2274; baseline 0.005 -18"><span class='ocrx_word' id='word_1_304' title='bbox 955 2200 1065 2256; x_wconf 83' lang='lat' dir='ltr'>minime</span> <span class='ocrx_word' id='word_1_305' title='bbox 1080 2202 1206 2257; x_wconf 90' lang='lat' dir='ltr'>convenit</span> <span class='ocrx_word' id='word_1_306' title='bbox 1222 2221 1229 2257; x_wconf 78' lang='lat' dir='ltr'>z</span> <span class='ocrx_word' id='word_1_307' title='bbox 1244 2217 1309 2257; x_wconf 88' lang='lat' dir='ltr'>ecee</span> <span class='ocrx_word' id='word_1_308' title='bbox 1326 2201 1374 2258; x_wconf 89' lang='lat' dir='ltr'>tibi</span> <span class='ocrx_word' id='word_1_309' title='bbox 1387 2210 1526 2258; x_wconf 88' lang='lat' dir='ltr'>ostensum</span> <span class='ocrx_word' id='word_1_310' title='bbox 1540 2211 1597 2269; x_wconf 89' lang='lat' dir='ltr'>est,</span> <span class='ocrx_word' id='word_1_311' title='bbox 1622 2204 1693 2273; x_wconf 92' lang='lat' dir='ltr'>quod</span> <span class='ocrx_word' id='word_1_312' title='bbox 1706 2203 1751 2274; x_wconf 83' lang='lat' dir='ltr'>ju·</span> 
     </span>
     <span class='ocr_line' id='line_1_51' title="bbox 955 2285 1750 2367; baseline 0.005 -20"><span class='ocrx_word' id='word_1_313' title='bbox 955 2301 1079 2350; x_wconf 89' lang='lat' dir='ltr'>ramenta</span> <span class='ocrx_word' id='word_1_314' title='bbox 1093 2293 1200 2364; x_wconf 88' lang='lat' dir='ltr'>publice</span> <span class='ocrx_word' id='word_1_315' title='bbox 1220 2285 1460 2367; x_wconf 60' lang='lat' dir='ltr'>iacta‘contcmpta</span> <span class='ocrx_word' id='word_1_316' title='bbox 1473 2304 1546 2351; x_wconf 91' lang='lat' dir='ltr'>sunt.</span> <span class='ocrx_word' id='word_1_317' title='bbox 1561 2295 1702 2351; x_wconf 90' lang='lat' dir='ltr'>Postremo</span> <span class='ocrx_word' id='word_1_318' title='bbox 1716 2296 1750 2352; x_wconf 92' lang='lat' dir='ltr'>ad</span> 
     </span>
     <span class='ocr_line' id='line_1_52' title="bbox 955 2383 1751 2459; baseline 0.006 -20"><span class='ocrx_word' id='word_1_319' title='bbox 955 2383 1076 2440; x_wconf 81' lang='lat' dir='ltr'>tortionis</span> <span class='ocrx_word' id='word_1_320' title='bbox 1091 2395 1144 2441; x_wconf 79' lang='lat' dir='ltr'>tua</span> <span class='ocrx_word' id='word_1_321' title='bbox 1158 2387 1378 2457; x_wconf 79' lang='lat' dir='ltr'>reprehensionis</span> <span class='ocrx_word' id='word_1_322' title='bbox 1393 2386 1538 2454; x_wconf 89' lang='lat' dir='ltr'>indicium,</span> <span class='ocrx_word' id='word_1_323' title='bbox 1556 2386 1751 2459; x_wconf 85' lang='lat' dir='ltr'>aliquantisper</span> 
     </span>
     <span class='ocr_line' id='line_1_53' title="bbox 955 2475 1750 2548; baseline 0.005 -18"><span class='ocrx_word' id='word_1_324' title='bbox 955 2483 1136 2532; x_wconf 86' lang='lat' dir='ltr'>monstratam</span> <span class='ocrx_word' id='word_1_325' title='bbox 1162 2475 1318 2547; x_wconf 89' lang='lat' dir='ltr'>est,&#39;quod</span> <span class='ocrx_word' id='word_1_326' title='bbox 1341 2486 1369 2534; x_wconf 89' lang='lat' dir='ltr'>et</span> <span class='ocrx_word' id='word_1_327' title='bbox 1383 2486 1410 2533; x_wconf 90' lang='lat' dir='ltr'>te</span> <span class='ocrx_word' id='word_1_328' title='bbox 1429 2477 1591 2548; x_wconf 89' lang='lat' dir='ltr'>impunitum</span> <span class='ocrx_word' id='word_1_329' title='bbox 1612 2477 1750 2534; x_wconf 83' lang='lat' dir='ltr'>dintitterc</span> 
     </span>
     <span class='ocr_line' id='line_1_54' title="bbox 954 2565 1751 2640; baseline 0.008 -20"><span class='ocrx_word' id='word_1_330' title='bbox 954 2579 1008 2621; x_wconf 93' lang='lat' dir='ltr'>non</span> <span class='ocrx_word' id='word_1_331' title='bbox 1025 2565 1165 2623; x_wconf 88' lang='lat' dir='ltr'>debemus.</span> <span class='ocrx_word' id='word_1_332' title='bbox 1184 2566 1237 2635; x_wconf 81' lang='lat' dir='ltr'>Qui</span> <span class='ocrx_word' id='word_1_333' title='bbox 1252 2568 1323 2638; x_wconf 88' lang='lat' dir='ltr'>quod</span> <span class='ocrx_word' id='word_1_334' title='bbox 1336 2568 1381 2624; x_wconf 87' lang='lat' dir='ltr'>alii</span> <span class='ocrx_word' id='word_1_335' title='bbox 1395 2568 1484 2625; x_wconf 90' lang='lat' dir='ltr'>lacere</span> <span class='ocrx_word' id='word_1_336' title='bbox 1494 2570 1661 2640; x_wconf 87' lang='lat' dir='ltr'>precabaris,</span> <span class='ocrx_word' id='word_1_337' title='bbox 1676 2585 1751 2626; x_wconf 91' lang='lat' dir='ltr'>ncnc</span> 
     </span>
     <span class='ocr_line' id='line_1_55' title="bbox 955 2655 1750 2732; baseline 0.005 -20"><span class='ocrx_word' id='word_1_338' title='bbox 955 2656 983 2712; x_wconf 89' lang='lat' dir='ltr'>ia</span> <span class='ocrx_word' id='word_1_339' title='bbox 996 2655 1079 2713; x_wconf 89' lang='lat' dir='ltr'>simili</span> <span class='ocrx_word' id='word_1_340' title='bbox 1100 2673 1182 2730; x_wconf 90' lang='lat' dir='ltr'>opere</span> <span class='ocrx_word' id='word_1_341' title='bbox 1198 2658 1246 2714; x_wconf 90' lang='lat' dir='ltr'>tibi</span> <span class='ocrx_word' id='word_1_342' title='bbox 1259 2657 1349 2715; x_wconf 86' lang='lat' dir='ltr'>iacere</span> <span class='ocrx_word' id='word_1_343' title='bbox 1361 2659 1435 2731; x_wconf 83' lang='lat' dir='ltr'>justo</span> <span class='ocrx_word' id='word_1_344' title='bbox 1449 2675 1499 2715; x_wconf 90' lang='lat' dir='ltr'>nos</span> <span class='ocrx_word' id='word_1_345' title='bbox 1511 2667 1619 2732; x_wconf 88' lang='lat' dir='ltr'>oportet</span> <span class='ocrx_word' id='word_1_346' title='bbox 1631 2659 1750 2731; x_wconf 84' lang='lat' dir='ltr'>judicio,</span> 
     </span>
     <span class='ocr_line' id='line_1_56' title="bbox 956 2747 1751 2822; baseline 0.003 -17"><span class='ocrx_word' id='word_1_347' title='bbox 956 2755 984 2806; x_wconf 88' lang='lat' dir='ltr'>et</span> <span class='ocrx_word' id='word_1_348' title='bbox 998 2756 1026 2804; x_wconf 90' lang='lat' dir='ltr'>te</span> <span class='ocrx_word' id='word_1_349' title='bbox 1039 2747 1073 2804; x_wconf 92' lang='lat' dir='ltr'>de</span> <span class='ocrx_word' id='word_1_350' title='bbox 1086 2750 1140 2804; x_wconf 88' lang='lat' dir='ltr'>tuis</span> <span class='ocrx_word' id='word_1_351' title='bbox 1157 2749 1263 2806; x_wconf 87' lang='lat' dir='ltr'>actibus</span> <span class='ocrx_word' id='word_1_352' title='bbox 1276 2750 1434 2822; x_wconf 85' lang='lat' dir='ltr'>increpare:</span> <span class='ocrx_word' id='word_1_353' title='bbox 1450 2751 1587 2821; x_wconf 77' lang='lat' dir='ltr'>precipue</span> <span class='ocrx_word' id='word_1_354' title='bbox 1599 2766 1662 2807; x_wconf 91' lang='lat' dir='ltr'>cum</span> <span class='ocrx_word' id='word_1_355' title='bbox 1674 2766 1751 2822; x_wconf 92' lang='lat' dir='ltr'>aper·</span> 
     </span>
     <span class='ocr_line' id='line_1_57' title="bbox 958 2840 1750 2912; baseline 0.001 -15"><span class='ocrx_word' id='word_1_356' title='bbox 958 2842 1012 2898; x_wconf 90' lang='lat' dir='ltr'>tius</span> <span class='ocrx_word' id='word_1_357' title='bbox 1024 2842 1230 2908; x_wconf 88' lang='lat' dir='ltr'>demonstraris,</span> <span class='ocrx_word' id='word_1_358' title='bbox 1242 2842 1315 2912; x_wconf 92' lang='lat' dir='ltr'>quod</span> <span class='ocrx_word' id='word_1_359' title='bbox 1327 2840 1407 2897; x_wconf 89' lang='lat' dir='ltr'>labiis</span> <span class='ocrx_word' id='word_1_360' title='bbox 1422 2850 1537 2909; x_wconf 73' lang='lat' dir='ltr'>uatum,</span> <span class='ocrx_word' id='word_1_361' title='bbox 1550 2851 1578 2897; x_wconf 89' lang='lat' dir='ltr'>et</span> <span class='ocrx_word' id='word_1_362' title='bbox 1588 2856 1642 2897; x_wconf 90' lang='lat' dir='ltr'>noa</span> <span class='ocrx_word' id='word_1_363' title='bbox 1656 2840 1750 2910; x_wconf 89' lang='lat' dir='ltr'>corde,</span> 
     </span>
     <span class='ocr_line' id='line_1_58' title="bbox 957 2933 1751 3007; baseline 0 -16"><span class='ocrx_word' id='word_1_364' title='bbox 957 2935 1085 2991; x_wconf 83' lang='lat' dir='ltr'>devotum</span> <span class='ocrx_word' id='word_1_365' title='bbox 1099 2943 1201 2992; x_wconf 77' lang='lat' dir='ltr'>sancta</span> <span class='ocrx_word' id='word_1_366' title='bbox 1221 2934 1351 2991; x_wconf 79' lang='lat' dir='ltr'>chuma</span> <span class='ocrx_word' id='word_1_367' title='bbox 1365 2934 1502 3003; x_wconf 80' lang='lat' dir='ltr'>Ecclesia,</span> <span class='ocrx_word' id='word_1_368' title='bbox 1515 2933 1598 2991; x_wconf 84' lang='lat' dir='ltr'>relati</span> <span class='ocrx_word' id='word_1_369' title='bbox 1611 2934 1638 2990; x_wconf 90' lang='lat' dir='ltr'>in</span> <span class='ocrx_word' id='word_1_370' title='bbox 1650 2934 1751 3007; x_wconf 81' lang='lat' dir='ltr'>episto·</span> 
     </span>
     <span class='ocr_line' id='line_1_59' title="bbox 956 3025 1750 3083; baseline 0 -3"><span class='ocrx_word' id='word_1_371' title='bbox 956 3025 990 3081; x_wconf 88' lang='lat' dir='ltr'>lis</span> <span class='ocrx_word' id='word_1_372' title='bbox 1003 3026 1037 3081; x_wconf 93' lang='lat' dir='ltr'>ad</span> <span class='ocrx_word' id='word_1_373' title='bbox 1053 3025 1211 3081; x_wconf 86' lang='lat' dir='ltr'>decessores</span> <span class='ocrx_word' id='word_1_374' title='bbox 1224 3035 1333 3082; x_wconf 92' lang='lat' dir='ltr'>nostros</span> <span class='ocrx_word' id='word_1_375' title='bbox 1349 3034 1378 3082; x_wconf 91' lang='lat' dir='ltr'>et</span> <span class='ocrx_word' id='word_1_376' title='bbox 1392 3025 1470 3082; x_wconf 90' lang='lat' dir='ltr'>nobis</span> <span class='ocrx_word' id='word_1_377' title='bbox 1488 3041 1503 3080; x_wconf 92' lang='lat' dir='ltr'>a</span> <span class='ocrx_word' id='word_1_378' title='bbox 1528 3033 1555 3082; x_wconf 92' lang='lat' dir='ltr'>te</span> <span class='ocrx_word' id='word_1_379' title='bbox 1566 3026 1676 3082; x_wconf 89' lang='lat' dir='ltr'>directis</span> <span class='ocrx_word' id='word_1_380' title='bbox 1688 3041 1750 3083; x_wconf 91' lang='lat' dir='ltr'>coa·</span> 
     </span>
     <span class='ocr_line' id='line_1_60' title="bbox 955 3116 1751 3188; baseline -0.001 -14"><span class='ocrx_word' id='word_1_381' title='bbox 955 3117 1066 3184; x_wconf 89' lang='lat' dir='ltr'>tinetur,</span> <span class='ocrx_word' id='word_1_382' title='bbox 1082 3127 1109 3174; x_wconf 88' lang='lat' dir='ltr'>te</span> <span class='ocrx_word' id='word_1_383' title='bbox 1120 3116 1263 3188; x_wconf 85' lang='lat' dir='ltr'>jactitares</span> <span class='ocrx_word' id='word_1_384' title='bbox 1278 3133 1338 3175; x_wconf 86' lang='lat' dir='ltr'>esse</span> <span class='ocrx_word' id='word_1_385' title='bbox 1352 3117 1448 3174; x_wconf 85' lang='lat' dir='ltr'>lilium.</span> <span class='ocrx_word' id='word_1_386' title='bbox 1461 3118 1495 3174; x_wconf 88' lang='lat' dir='ltr'>Et</span> <span class='ocrx_word' id='word_1_387' title='bbox 1505 3133 1578 3174; x_wconf 76' lang='lat' dir='ltr'>stunc</span> <span class='ocrx_word' id='word_1_388' title='bbox 1591 3119 1659 3174; x_wconf 90' lang='lat' dir='ltr'>adeo</span> <span class='ocrx_word' id='word_1_389' title='bbox 1671 3119 1751 3175; x_wconf 82' lang='lat' dir='ltr'>dero</span> 
     </span>
     <span class='ocr_line' id='line_1_61' title="bbox 955 3209 1751 3282; baseline 0.001 -15"><span class='ocrx_word' id='word_1_390' title='bbox 955 3211 993 3267; x_wconf 90' lang='lat' dir='ltr'>tio</span> <span class='ocrx_word' id='word_1_391' title='bbox 1004 3211 1066 3267; x_wconf 93' lang='lat' dir='ltr'>lldei</span> <span class='ocrx_word' id='word_1_392' title='bbox 1079 3219 1131 3266; x_wconf 73' lang='lat' dir='ltr'>tuae</span> <span class='ocrx_word' id='word_1_393' title='bbox 1141 3218 1248 3267; x_wconf 89' lang='lat' dir='ltr'>cassata</span> <span class='ocrx_word' id='word_1_394' title='bbox 1264 3218 1315 3274; x_wconf 88' lang='lat' dir='ltr'>cst,</span> <span class='ocrx_word' id='word_1_395' title='bbox 1328 3220 1357 3267; x_wconf 90' lang='lat' dir='ltr'>ut</span> <span class='ocrx_word' id='word_1_396' title='bbox 1368 3211 1438 3282; x_wconf 85' lang='lat' dir='ltr'>jam,</span> <span class='ocrx_word' id='word_1_397' title='bbox 1451 3209 1515 3282; x_wconf 89' lang='lat' dir='ltr'>quia</span> <span class='ocrx_word' id='word_1_398' title='bbox 1528 3209 1751 3268; x_wconf 85' lang='lat' dir='ltr'>convenientibus</span> 
     </span>
     <span class='ocr_line' id='line_1_62' title="bbox 956 3301 1751 3376; baseline 0.001 -17"><span class='ocrx_word' id='word_1_399' title='bbox 956 3303 1094 3376; x_wconf 89' lang='lat' dir='ltr'>responsis</span> <span class='ocrx_word' id='word_1_400' title='bbox 1106 3304 1204 3360; x_wconf 89' lang='lat' dir='ltr'>missos</span> <span class='ocrx_word' id='word_1_401' title='bbox 1217 3312 1326 3358; x_wconf 86' lang='lat' dir='ltr'>nostros</span> <span class='ocrx_word' id='word_1_402' title='bbox 1340 3318 1355 3359; x_wconf 90' lang='lat' dir='ltr'>a</span> <span class='ocrx_word' id='word_1_403' title='bbox 1371 3312 1398 3358; x_wconf 92' lang='lat' dir='ltr'>te</span> <span class='ocrx_word' id='word_1_404' title='bbox 1413 3302 1527 3361; x_wconf 73' lang='lat' dir='ltr'>minume</span> <span class='ocrx_word' id='word_1_405' title='bbox 1539 3301 1685 3368; x_wconf 90' lang='lat' dir='ltr'>dimisisti,</span> <span class='ocrx_word' id='word_1_406' title='bbox 1696 3319 1751 3360; x_wconf 69' lang='lat' dir='ltr'>‹no-</span> 
     </span>
    </p>
   </div>
   <div class='ocr_carea' id='block_1_15' title="bbox 104 3375 1751 3467">
    <p class='ocr_par' dir='ltr' id='par_1_20' title="bbox 104 3375 1751 3467">
     <span class='ocr_line' id='line_1_63' title="bbox 104 3375 1751 3467; baseline 0 -20"><span class='ocrx_word' id='word_1_407' title='bbox 104 3391 306 3463; x_wconf 81' lang='lat' dir='ltr'>praestclamur,</span> <span class='ocrx_word' id='word_1_408' title='bbox 320 3401 348 3449; x_wconf 91' lang='lat' dir='ltr'>ct</span> <span class='ocrx_word' id='word_1_409' title='bbox 362 3392 488 3450; x_wconf 90' lang='lat' dir='ltr'>veniente</span> <span class='ocrx_word' id='word_1_410' title='bbox 509 3392 573 3466; x_wconf 92' lang='lat' dir='ltr'>lupo</span> <span class='ocrx_word' id='word_1_411' title='bbox 586 3392 715 3467; x_wconf 81' lang='lat' dir='ltr'>legimus,</span> <span class='ocrx_word' id='word_1_412' title='bbox 729 3410 763 3451; x_wconf 89' lang='lat' dir='ltr'>oe</span> <span class='ocrx_word' id='word_1_413' title='bbox 776 3395 902 3452; x_wconf 83' lang='lat' dir='ltr'>solatiam</span> <span class='ocrx_word' id='word_1_414' title='bbox 917 3375 940 3438; x_wconf 77' lang='lat' dir='ltr'>C</span> <span class='ocrx_word' id='word_1_415' title='bbox 955 3395 1052 3466; x_wconf 90' lang='lat' dir='ltr'>bisque</span> <span class='ocrx_word' id='word_1_416' title='bbox 1072 3394 1225 3450; x_wconf 90' lang='lat' dir='ltr'>rescribere</span> <span class='ocrx_word' id='word_1_417' title='bbox 1248 3392 1346 3449; x_wconf 91' lang='lat' dir='ltr'>callide</span> <span class='ocrx_word' id='word_1_418' title='bbox 1369 3392 1500 3459; x_wconf 90' lang='lat' dir='ltr'>omisisti,</span> <span class='ocrx_word' id='word_1_419' title='bbox 1522 3393 1621 3449; x_wconf 86' lang='lat' dir='ltr'>missos</span> <span class='ocrx_word' id='word_1_420' title='bbox 1635 3399 1696 3449; x_wconf 90' lang='lat' dir='ltr'>tuos</span> <span class='ocrx_word' id='word_1_421' title='bbox 1708 3392 1751 3448; x_wconf 87' lang='lat' dir='ltr'>vel</span> 
     </span>
    </p>
   </div>
   <div class='ocr_carea' id='block_1_16' title="bbox 104 3484 903 3652">
    <p class='ocr_par' dir='ltr' id='par_1_21' title="bbox 104 3484 903 3652">
     <span class='ocr_line' id='line_1_64' title="bbox 105 3484 903 3558; baseline 0.009 -18"><span class='ocrx_word' id='word_1_422' title='bbox 105 3484 290 3542; x_wconf 84' lang='lat' dir='ltr'>conseramus.</span> <span class='ocrx_word' id='word_1_423' title='bbox 315 3484 403 3558; x_wconf 90' lang='lat' dir='ltr'>Super</span> <span class='ocrx_word' id='word_1_424' title='bbox 422 3487 521 3558; x_wconf 89' lang='lat' dir='ltr'>quibos</span> <span class='ocrx_word' id='word_1_425' title='bbox 546 3487 612 3544; x_wconf 89' lang='lat' dir='ltr'>illud</span> <span class='ocrx_word' id='word_1_426' title='bbox 633 3503 733 3545; x_wconf 87' lang='lat' dir='ltr'>cavere</span> <span class='ocrx_word' id='word_1_427' title='bbox 757 3491 903 3558; x_wconf 75' lang='lat' dir='ltr'>debemus,</span> 
     </span>
     <span class='ocr_line' id='line_1_65' title="bbox 104 3576 901 3652; baseline 0.011 -23"><span class='ocrx_word' id='word_1_428' title='bbox 104 3576 182 3646; x_wconf 90' lang='lat' dir='ltr'>quod</span> <span class='ocrx_word' id='word_1_429' title='bbox 206 3577 335 3633; x_wconf 80' lang='lat' dir='ltr'>Dominus</span> <span class='ocrx_word' id='word_1_430' title='bbox 362 3592 412 3648; x_wconf 91' lang='lat' dir='ltr'>per</span> <span class='ocrx_word' id='word_1_431' title='bbox 439 3578 600 3651; x_wconf 85' lang='lat' dir='ltr'>prophetam</span> <span class='ocrx_word' id='word_1_432' title='bbox 632 3578 765 3652; x_wconf 90' lang='lat' dir='ltr'>loquitur,</span> <span class='ocrx_word' id='word_1_433' title='bbox 785 3581 901 3638; x_wconf 75' lang='lat' dir='ltr'>dioensz</span> 
     </span>
    </p>
   </div>
   <div class='ocr_carea' id='block_1_17' title="bbox 26 3661 905 4013">
    <p class='ocr_par' dir='ltr' id='par_1_22' title="bbox 26 3661 905 4013">
     <span class='ocr_line' id='line_1_66' title="bbox 26 3661 905 3744; baseline 0.014 -27"><span class='ocrx_word' id='word_1_434' title='bbox 26 3694 27 3697; x_wconf 61' lang='lat'><em>=</em></span> <span class='ocrx_word' id='word_1_435' title='bbox 104 3661 195 3719; x_wconf 80' lang='lat' dir='ltr'>Cornea</span> <span class='ocrx_word' id='word_1_436' title='bbox 207 3666 284 3732; x_wconf 88' lang='lat' dir='ltr'>muti,</span> <span class='ocrx_word' id='word_1_437' title='bbox 307 3682 359 3722; x_wconf 86' lang='lat' dir='ltr'>noo</span> <span class='ocrx_word' id='word_1_438' title='bbox 381 3666 496 3723; x_wconf 83' lang='lat' dir='ltr'>volenter</span> <span class='ocrx_word' id='word_1_439' title='bbox 508 3668 607 3726; x_wconf 84' lang='lat' dir='ltr'>latrare</span> <span class='ocrx_word' id='word_1_440' title='bbox 620 3670 699 3743; x_wconf 79' lang='lat' dir='ltr'>(lsai.</span> <span class='ocrx_word' id='word_1_441' title='bbox 715 3670 788 3744; x_wconf 79' lang='lat' dir='ltr'>tur);</span> <span class='ocrx_word' id='word_1_442' title='bbox 804 3681 832 3728; x_wconf 90' lang='lat' dir='ltr'>et</span> <span class='ocrx_word' id='word_1_443' title='bbox 843 3689 905 3729; x_wconf 89' lang='lat' dir='ltr'>rur·</span> 
     </span>
     <span class='ocr_line' id='line_1_67' title="bbox 26 3755 903 3836; baseline 0.008 -25"><span class='ocrx_word' id='word_1_444' title='bbox 26 3760 27 3769; x_wconf 76' lang='grc'>’</span> <span class='ocrx_word' id='word_1_445' title='bbox 104 3771 189 3812; x_wconf 80' lang='lat' dir='ltr'>suun:</span> <span class='ocrx_word' id='word_1_446' title='bbox 209 3755 256 3811; x_wconf 82' lang='lat' dir='ltr'>i&#39;te</span> <span class='ocrx_word' id='word_1_447' title='bbox 268 3759 428 3829; x_wconf 70' lang='lat' dir='ltr'>postumius,</span> <span class='ocrx_word' id='word_1_448' title='bbox 444 3758 545 3831; x_wconf 88' lang='lat' dir='ltr'>inquit,</span> <span class='ocrx_word' id='word_1_449' title='bbox 559 3761 604 3832; x_wconf 86' lang='lat' dir='ltr'>qui</span> <span class='ocrx_word' id='word_1_450' title='bbox 620 3761 761 3831; x_wconf 77' lang='lat' dir='ltr'>poscebant</span> <span class='ocrx_word' id='word_1_451' title='bbox 781 3764 903 3836; x_wconf 82' lang='lat' dir='ltr'>semetip-</span> 
     </span>
     <span class='ocr_line' id='line_1_68' title="bbox 26 3843 904 3925; baseline 0.01 -24"><span class='ocrx_word' id='word_1_452' title='bbox 26 3874 28 3884; x_wconf 38' lang='grc' dir='ltr'>ι</span> <span class='ocrx_word' id='word_1_453' title='bbox 105 3862 151 3902; x_wconf 76' lang='lat' dir='ltr'>sor</span> <span class='ocrx_word' id='word_1_454' title='bbox 163 3843 278 3918; x_wconf 75' lang='lat' dir='ltr'>(Escclr.</span> <span class='ocrx_word' id='word_1_455' title='bbox 293 3849 414 3919; x_wconf 77' lang='lat' dir='ltr'>ivxta),</span> <span class='ocrx_word' id='word_1_456' title='bbox 430 3860 459 3905; x_wconf 89' lang='lat' dir='ltr'>et</span> <span class='ocrx_word' id='word_1_457' title='bbox 476 3850 591 3922; x_wconf 90' lang='lat' dir='ltr'>reliqna.</span> <span class='ocrx_word' id='word_1_458' title='bbox 608 3850 685 3920; x_wconf 82' lang='lat' dir='ltr'>Quod</span> <span class='ocrx_word' id='word_1_459' title='bbox 700 3853 723 3908; x_wconf 90' lang='lat' dir='ltr'>si</span> <span class='ocrx_word' id='word_1_460' title='bbox 738 3854 843 3910; x_wconf 90' lang='lat' dir='ltr'>cunctis</span> <span class='ocrx_word' id='word_1_461' title='bbox 855 3870 904 3925; x_wconf 91' lang='lat' dir='ltr'>pa·</span> 
     </span>
     <span class='ocr_line' id='line_1_69' title="bbox 26 3937 902 4013; baseline 0.01 -21"><span class='ocrx_word' id='word_1_462' title='bbox 26 3954 27 3973; x_wconf 78' lang='lat'>³</span> <span class='ocrx_word' id='word_1_463' title='bbox 107 3938 229 3994; x_wconf 77' lang='lat' dir='ltr'>uteribus</span> <span class='ocrx_word' id='word_1_464' title='bbox 250 3937 384 3995; x_wconf 86' lang='lat' dir='ltr'>Dominici</span> <span class='ocrx_word' id='word_1_465' title='bbox 400 3942 489 4012; x_wconf 85' lang='lat' dir='ltr'>gregis</span> <span class='ocrx_word' id='word_1_466' title='bbox 511 3941 643 3997; x_wconf 83' lang='lat' dir='ltr'>Dorttinas</span> <span class='ocrx_word' id='word_1_467' title='bbox 666 3958 714 4013; x_wconf 92' lang='lat' dir='ltr'>pro</span> <span class='ocrx_word' id='word_1_468' title='bbox 739 3944 844 4001; x_wconf 90' lang='lat' dir='ltr'>desidia</span> <span class='ocrx_word' id='word_1_469' title='bbox 861 3960 902 4001; x_wconf 88' lang='lat' dir='ltr'>vae</span> 
     </span>
    </p>
   </div>
   <div class='ocr_carea' id='block_1_18' title="bbox 104 4029 904 5288">
    <p class='ocr_par' dir='ltr' id='par_1_23' title="bbox 104 4029 904 5288">
     <span class='ocr_line' id='line_1_70' title="bbox 107 4029 902 4105; baseline 0.006 -19"><span class='ocrx_word' id='word_1_470' title='bbox 107 4029 273 4101; x_wconf 68' lang='lat' dir='ltr'>generaliter</span> <span class='ocrx_word' id='word_1_471' title='bbox 285 4029 371 4096; x_wconf 88' lang='lat' dir='ltr'>dicit,</span> <span class='ocrx_word' id='word_1_472' title='bbox 390 4039 466 4087; x_wconf 85' lang='lat' dir='ltr'>tamo</span> <span class='ocrx_word' id='word_1_473' title='bbox 483 4032 570 4105; x_wconf 86' lang='lat' dir='ltr'>magis</span> <span class='ocrx_word' id='word_1_474' title='bbox 588 4048 637 4089; x_wconf 91' lang='lat' dir='ltr'>nos</span> <span class='ocrx_word' id='word_1_475' title='bbox 651 4031 725 4088; x_wconf 89' lang='lat' dir='ltr'>illam</span> <span class='ocrx_word' id='word_1_476' title='bbox 740 4035 902 4091; x_wconf 88' lang='lat' dir='ltr'>sententiam</span> 
     </span>
     <span class='ocr_line' id='line_1_71' title="bbox 108 4119 904 4195; baseline 0.006 -20"><span class='ocrx_word' id='word_1_477' title='bbox 108 4119 257 4176; x_wconf 77' lang='lat' dir='ltr'>formidare</span> <span class='ocrx_word' id='word_1_478' title='bbox 281 4120 424 4187; x_wconf 88' lang='lat' dir='ltr'>debemus,</span> <span class='ocrx_word' id='word_1_479' title='bbox 448 4130 550 4194; x_wconf 90' lang='lat' dir='ltr'>quanto</span> <span class='ocrx_word' id='word_1_480' title='bbox 573 4139 629 4195; x_wconf 79' lang='lat' dir='ltr'>prae</span> <span class='ocrx_word' id='word_1_481' title='bbox 657 4123 782 4179; x_wconf 88' lang='lat' dir='ltr'>omnibus</span> <span class='ocrx_word' id='word_1_482' title='bbox 804 4135 831 4179; x_wconf 88' lang='lat' dir='ltr'>et</span> <span class='ocrx_word' id='word_1_483' title='bbox 854 4140 904 4195; x_wconf 91' lang='lat' dir='ltr'>pro</span> 
     </span>
     <span class='ocr_line' id='line_1_72' title="bbox 106 4211 903 4281; baseline 0.006 -14"><span class='ocrx_word' id='word_1_484' title='bbox 106 4211 249 4275; x_wconf 90' lang='lat' dir='ltr'>omnibus,</span> <span class='ocrx_word' id='word_1_485' title='bbox 273 4226 327 4267; x_wconf 94' lang='lat' dir='ltr'>non</span> <span class='ocrx_word' id='word_1_486' title='bbox 350 4212 437 4267; x_wconf 91' lang='lat' dir='ltr'>solnm</span> <span class='ocrx_word' id='word_1_487' title='bbox 453 4212 583 4281; x_wconf 88' lang='lat' dir='ltr'>honoris,</span> <span class='ocrx_word' id='word_1_488' title='bbox 605 4214 748 4270; x_wconf 89' lang='lat' dir='ltr'>sedetiam</span> <span class='ocrx_word' id='word_1_489' title='bbox 769 4216 861 4272; x_wconf 89' lang='lat' dir='ltr'>oneris</span> <span class='ocrx_word' id='word_1_490' title='bbox 875 4218 903 4273; x_wconf 90' lang='lat' dir='ltr'>in</span> 
     </span>
     <span class='ocr_line' id='line_1_73' title="bbox 107 4302 903 4380; baseline 0.006 -21"><span class='ocrx_word' id='word_1_491' title='bbox 107 4302 230 4359; x_wconf 83' lang='lat' dir='ltr'>humeris</span> <span class='ocrx_word' id='word_1_492' title='bbox 244 4303 345 4363; x_wconf 86' lang='lat' dir='ltr'>nostris</span> <span class='ocrx_word' id='word_1_493' title='bbox 360 4304 481 4377; x_wconf 91' lang='lat' dir='ltr'>pondera</span> <span class='ocrx_word' id='word_1_494' title='bbox 496 4321 605 4378; x_wconf 89' lang='lat' dir='ltr'>quoque</span> <span class='ocrx_word' id='word_1_495' title='bbox 617 4316 763 4380; x_wconf 73' lang='lat' dir='ltr'>gestamus.</span> <span class='ocrx_word' id='word_1_496' title='bbox 787 4307 829 4364; x_wconf 91' lang='lat' dir='ltr'>tln</span> <span class='ocrx_word' id='word_1_497' title='bbox 848 4325 903 4366; x_wconf 92' lang='lat' dir='ltr'>non</span> 
     </span>
     <span class='ocr_line' id='line_1_74' title="bbox 106 4396 902 4472; baseline 0.006 -23"><span class='ocrx_word' id='word_1_498' title='bbox 106 4402 215 4465; x_wconf 90' lang='lat' dir='ltr'>prote,</span> <span class='ocrx_word' id='word_1_499' title='bbox 231 4410 297 4462; x_wconf 80' lang='lat' dir='ltr'>rex,</span> <span class='ocrx_word' id='word_1_500' title='bbox 324 4396 457 4453; x_wconf 88' lang='lat' dir='ltr'>rationem</span> <span class='ocrx_word' id='word_1_501' title='bbox 473 4412 565 4453; x_wconf 91' lang='lat' dir='ltr'>coram</span> <span class='ocrx_word' id='word_1_502' title='bbox 580 4399 696 4455; x_wconf 82' lang='lat' dir='ltr'>Domino</span> <span class='ocrx_word' id='word_1_503' title='bbox 711 4415 812 4472; x_wconf 91' lang='lat' dir='ltr'>ponere</span> <span class='ocrx_word' id='word_1_504' title='bbox 826 4413 902 4455; x_wconf 91' lang='lat' dir='ltr'>com-</span> 
     </span>
     <span class='ocr_line' id='line_1_75' title="bbox 106 4483 903 4561; baseline 0.006 -21"><span class='ocrx_word' id='word_1_505' title='bbox 106 4483 257 4554; x_wconf 87' lang='lat' dir='ltr'>pellemurl</span> <span class='ocrx_word' id='word_1_506' title='bbox 274 4486 308 4553; x_wconf 89' lang='lat' dir='ltr'>si,</span> <span class='ocrx_word' id='word_1_507' title='bbox 320 4494 351 4541; x_wconf 89' lang='lat' dir='ltr'>ut</span> <span class='ocrx_word' id='word_1_508' title='bbox 364 4485 429 4541; x_wconf 90' lang='lat' dir='ltr'>illud</span> <span class='ocrx_word' id='word_1_509' title='bbox 443 4487 553 4544; x_wconf 89' lang='lat' dir='ltr'>interim</span> <span class='ocrx_word' id='word_1_510' title='bbox 566 4488 704 4557; x_wconf 91' lang='lat' dir='ltr'>sileamus,</span> <span class='ocrx_word' id='word_1_511' title='bbox 720 4489 792 4561; x_wconf 92' lang='lat' dir='ltr'>quod</span> <span class='ocrx_word' id='word_1_512' title='bbox 806 4490 903 4546; x_wconf 89' lang='lat' dir='ltr'>missos</span> 
     </span>
     <span class='ocr_line' id='line_1_76' title="bbox 107 4574 901 4651; baseline 0.006 -22"><span class='ocrx_word' id='word_1_513' title='bbox 107 4574 264 4644; x_wconf 85' lang='lat' dir='ltr'>apostolica</span> <span class='ocrx_word' id='word_1_514' title='bbox 278 4577 350 4633; x_wconf 91' lang='lat' dir='ltr'>sedis</span> <span class='ocrx_word' id='word_1_515' title='bbox 364 4592 439 4633; x_wconf 81' lang='lat' dir='ltr'>nacae</span> <span class='ocrx_word' id='word_1_516' title='bbox 453 4576 537 4650; x_wconf 88' lang='lat' dir='ltr'>regali</span> <span class='ocrx_word' id='word_1_517' title='bbox 558 4578 680 4649; x_wconf 88' lang='lat' dir='ltr'>recipere</span> <span class='ocrx_word' id='word_1_518' title='bbox 695 4580 901 4651; x_wconf 74' lang='lat' dir='ltr'>coammpsisti,</span> 
     </span>
     <span class='ocr_line' id='line_1_77' title="bbox 108 4668 901 4741; baseline 0.005 -20"><span class='ocrx_word' id='word_1_519' title='bbox 108 4674 236 4721; x_wconf 88' lang='lat' dir='ltr'>sanctum</span> <span class='ocrx_word' id='word_1_520' title='bbox 251 4674 327 4721; x_wconf 90' lang='lat' dir='ltr'>tuum</span> <span class='ocrx_word' id='word_1_521' title='bbox 342 4682 395 4721; x_wconf 89' lang='lat' dir='ltr'>aon</span> <span class='ocrx_word' id='word_1_522' title='bbox 410 4668 650 4739; x_wconf 89' lang='lat' dir='ltr'>reprehendimus,</span> <span class='ocrx_word' id='word_1_523' title='bbox 673 4677 701 4725; x_wconf 90' lang='lat' dir='ltr'>et</span> <span class='ocrx_word' id='word_1_524' title='bbox 714 4670 826 4741; x_wconf 89' lang='lat' dir='ltr'>spiritali</span> <span class='ocrx_word' id='word_1_525' title='bbox 842 4670 901 4725; x_wconf 88' lang='lat' dir='ltr'>zelo</span> 
     </span>
     <span class='ocr_line' id='line_1_78' title="bbox 106 4757 899 4829; baseline 0.003 -16"><span class='ocrx_word' id='word_1_526' title='bbox 106 4757 272 4829; x_wconf 76' lang='lat' dir='ltr'>redarguere</span> <span class='ocrx_word' id='word_1_527' title='bbox 301 4757 473 4823; x_wconf 89' lang='lat' dir='ltr'>desistimus,</span> <span class='ocrx_word' id='word_1_528' title='bbox 509 4759 617 4828; x_wconf 92' lang='lat' dir='ltr'>quando</span> <span class='ocrx_word' id='word_1_529' title='bbox 647 4768 741 4815; x_wconf 90' lang='lat' dir='ltr'>contra</span> <span class='ocrx_word' id='word_1_530' title='bbox 765 4761 899 4827; x_wconf 82' lang='lat' dir='ltr'>divinam,</span> 
     </span>
     <span class='ocr_line' id='line_1_79' title="bbox 104 4849 902 4924; baseline 0.004 -18"><span class='ocrx_word' id='word_1_531' title='bbox 104 4857 319 4921; x_wconf 86' lang='lat' dir='ltr'>sanctorumque</span> <span class='ocrx_word' id='word_1_532' title='bbox 342 4849 454 4906; x_wconf 77' lang='lat' dir='ltr'>Petrum</span> <span class='ocrx_word' id='word_1_533' title='bbox 475 4852 682 4920; x_wconf 80' lang='lat' dir='ltr'>aucmritatem,</span> <span class='ocrx_word' id='word_1_534' title='bbox 704 4861 786 4924; x_wconf 88' lang='lat' dir='ltr'>atque</span> <span class='ocrx_word' id='word_1_535' title='bbox 807 4863 902 4909; x_wconf 90' lang='lat' dir='ltr'>contra</span> 
     </span>
     <span class='ocr_line' id='line_1_80' title="bbox 104 4938 902 5014; baseline 0.006 -20"><span class='ocrx_word' id='word_1_536' title='bbox 104 4940 223 5010; x_wconf 76' lang='lat' dir='ltr'>proprie</span> <span class='ocrx_word' id='word_1_537' title='bbox 236 4938 297 4995; x_wconf 87' lang='lat' dir='ltr'>fldei</span> <span class='ocrx_word' id='word_1_538' title='bbox 311 4940 496 5012; x_wconf 88' lang='lat' dir='ltr'>sponsionem,</span> <span class='ocrx_word' id='word_1_539' title='bbox 511 4956 564 5012; x_wconf 90' lang='lat' dir='ltr'>qua</span> <span class='ocrx_word' id='word_1_540' title='bbox 576 4938 752 5011; x_wconf 78' lang='lat' dir='ltr'>iureiurando</span> <span class='ocrx_word' id='word_1_541' title='bbox 766 4941 902 5014; x_wconf 87' lang='lat' dir='ltr'>pollicitus</span> 
     </span>
     <span class='ocr_line' id='line_1_81' title="bbox 105 5032 902 5107; baseline 0.006 -19"><span class='ocrx_word' id='word_1_542' title='bbox 105 5046 155 5097; x_wconf 89' lang='lat' dir='ltr'>es,</span> <span class='ocrx_word' id='word_1_543' title='bbox 172 5047 206 5088; x_wconf 90' lang='lat' dir='ltr'>ne</span> <span class='ocrx_word' id='word_1_544' title='bbox 227 5032 333 5099; x_wconf 91' lang='lat' dir='ltr'>aliena,</span> <span class='ocrx_word' id='word_1_545' title='bbox 357 5044 385 5090; x_wconf 90' lang='lat' dir='ltr'>et</span> <span class='ocrx_word' id='word_1_546' title='bbox 396 5033 532 5104; x_wconf 74' lang='lat' dir='ltr'>praecipue</span> <span class='ocrx_word' id='word_1_547' title='bbox 554 5035 668 5091; x_wconf 90' lang='lat' dir='ltr'>lratmm</span> <span class='ocrx_word' id='word_1_548' title='bbox 690 5044 796 5090; x_wconf 87' lang='lat' dir='ltr'>tuorum</span> <span class='ocrx_word' id='word_1_549' title='bbox 818 5052 902 5107; x_wconf 89' lang='lat' dir='ltr'>regna</span> 
     </span>
     <span class='ocr_line' id='line_1_82' title="bbox 105 5123 902 5198; baseline 0.005 -19"><span class='ocrx_word' id='word_1_550' title='bbox 105 5123 325 5193; x_wconf 86' lang='lat' dir='ltr'>concupisceres,</span> <span class='ocrx_word' id='word_1_551' title='bbox 337 5133 384 5180; x_wconf 90' lang='lat' dir='ltr'>aut</span> <span class='ocrx_word' id='word_1_552' title='bbox 397 5123 547 5193; x_wconf 85' lang='lat' dir='ltr'>invaderes,</span> <span class='ocrx_word' id='word_1_553' title='bbox 562 5141 674 5198; x_wconf 88' lang='lat' dir='ltr'>regnum</span> <span class='ocrx_word' id='word_1_554' title='bbox 685 5125 823 5196; x_wconf 91' lang='lat' dir='ltr'>quondam</span> <span class='ocrx_word' id='word_1_555' title='bbox 848 5126 902 5183; x_wconf 91' lang='lat' dir='ltr'>Lo·</span> 
     </span>
     <span class='ocr_line' id='line_1_83' title="bbox 105 5214 898 5288; baseline 0.006 -17"><span class='ocrx_word' id='word_1_556' title='bbox 105 5214 188 5271; x_wconf 85' lang='lat' dir='ltr'>tharii</span> <span class='ocrx_word' id='word_1_557' title='bbox 202 5214 384 5285; x_wconf 88' lang='lat' dir='ltr'>imperatoris,</span> <span class='ocrx_word' id='word_1_558' title='bbox 401 5216 474 5287; x_wconf 91' lang='lat' dir='ltr'>quod</span> <span class='ocrx_word' id='word_1_559' title='bbox 485 5216 600 5288; x_wconf 87' lang='lat' dir='ltr'>spiritali</span> <span class='ocrx_word' id='word_1_560' title='bbox 615 5216 670 5274; x_wconf 86' lang='lat' dir='ltr'>ttlto</span> <span class='ocrx_word' id='word_1_561' title='bbox 681 5226 785 5284; x_wconf 89' lang='lat' dir='ltr'>nostro,</span> <span class='ocrx_word' id='word_1_562' title='bbox 799 5218 898 5276; x_wconf 91' lang='lat' dir='ltr'>domno</span> 
     </span>
    </p>
   </div>
   <div class='ocr_carea' id='block_1_19' title="bbox 952 3484 1751 5288">
    <p class='ocr_par' dir='ltr' id='par_1_24' title="bbox 952 3484 1751 5288">
     <span class='ocr_line' id='line_1_84' title="bbox 955 3484 1750 3558; baseline -0.003 -16"><span class='ocrx_word' id='word_1_563' title='bbox 955 3486 1100 3558; x_wconf 87' lang='lat' dir='ltr'>epistolas,</span> <span class='ocrx_word' id='word_1_564' title='bbox 1125 3497 1234 3557; x_wconf 82' lang='lat' dir='ltr'>quasue</span> <span class='ocrx_word' id='word_1_565' title='bbox 1249 3486 1396 3541; x_wconf 89' lang='lat' dir='ltr'>missurum</span> <span class='ocrx_word' id='word_1_566' title='bbox 1410 3484 1555 3553; x_wconf 89' lang='lat' dir='ltr'>indicasti,</span> <span class='ocrx_word' id='word_1_567' title='bbox 1572 3485 1705 3542; x_wconf 85' lang='lat' dir='ltr'>hactenus</span> <span class='ocrx_word' id='word_1_568' title='bbox 1715 3485 1750 3540; x_wconf 96' lang='lat' dir='ltr'>ad</span> 
     </span>
     <span class='ocr_line' id='line_1_85' title="bbox 954 3575 1749 3648; baseline -0.003 -15"><span class='ocrx_word' id='word_1_569' title='bbox 954 3586 1138 3648; x_wconf 87' lang='lat' dir='ltr'>contemptum</span> <span class='ocrx_word' id='word_1_570' title='bbox 1150 3576 1306 3648; x_wconf 80' lang='lat' dir='ltr'>apostolica</span> <span class='ocrx_word' id='word_1_571' title='bbox 1327 3576 1400 3632; x_wconf 92' lang='lat' dir='ltr'>sedis</span> <span class='ocrx_word' id='word_1_572' title='bbox 1411 3592 1465 3632; x_wconf 90' lang='lat' dir='ltr'>non</span> <span class='ocrx_word' id='word_1_573' title='bbox 1482 3575 1616 3631; x_wconf 81' lang='lat' dir='ltr'>direxisti.</span> <span class='ocrx_word' id='word_1_574' title='bbox 1638 3575 1715 3644; x_wconf 87' lang='lat' dir='ltr'>Quod</span> <span class='ocrx_word' id='word_1_575' title='bbox 1727 3577 1749 3631; x_wconf 88' lang='lat' dir='ltr'>si</span> 
     </span>
     <span class='ocr_line' id='line_1_86' title="bbox 953 3665 1751 3738; baseline 0.001 -16"><span class='ocrx_word' id='word_1_576' title='bbox 953 3668 1098 3738; x_wconf 88' lang='lat' dir='ltr'>quisalius</span> <span class='ocrx_word' id='word_1_577' title='bbox 1120 3667 1172 3722; x_wconf 90' lang='lat' dir='ltr'>tale</span> <span class='ocrx_word' id='word_1_578' title='bbox 1193 3668 1242 3723; x_wconf 92' lang='lat' dir='ltr'>tibi</span> <span class='ocrx_word' id='word_1_579' title='bbox 1258 3667 1332 3723; x_wconf 91' lang='lat' dir='ltr'>dedit</span> <span class='ocrx_word' id='word_1_580' title='bbox 1351 3665 1511 3734; x_wconf 87' lang='lat' dir='ltr'>consilium,</span> <span class='ocrx_word' id='word_1_581' title='bbox 1535 3666 1616 3723; x_wconf 82' lang='lat' dir='ltr'>sudem</span> <span class='ocrx_word' id='word_1_582' title='bbox 1637 3668 1709 3722; x_wconf 90' lang='lat' dir='ltr'>circa</span> <span class='ocrx_word' id='word_1_583' title='bbox 1724 3676 1751 3723; x_wconf 91' lang='lat' dir='ltr'>te</span> 
     </span>
     <span class='ocr_line' id='line_1_87' title="bbox 954 3755 1749 3813; baseline -0.001 0"><span class='ocrx_word' id='word_1_584' title='bbox 954 3758 1067 3813; x_wconf 88' lang='lat' dir='ltr'>minime</span> <span class='ocrx_word' id='word_1_585' title='bbox 1079 3773 1171 3813; x_wconf 88' lang='lat' dir='ltr'>veram</span> <span class='ocrx_word' id='word_1_586' title='bbox 1184 3758 1321 3813; x_wconf 83' lang='lat' dir='ltr'>serravit:</span> <span class='ocrx_word' id='word_1_587' title='bbox 1337 3758 1360 3812; x_wconf 93' lang='lat' dir='ltr'>si</span> <span class='ocrx_word' id='word_1_588' title='bbox 1373 3765 1463 3812; x_wconf 90' lang='lat' dir='ltr'>autem</span> <span class='ocrx_word' id='word_1_589' title='bbox 1474 3756 1502 3811; x_wconf 91' lang='lat' dir='ltr'>in</span> <span class='ocrx_word' id='word_1_590' title='bbox 1513 3755 1565 3811; x_wconf 87' lang='lat' dir='ltr'>boe</span> <span class='ocrx_word' id='word_1_591' title='bbox 1580 3763 1627 3812; x_wconf 90' lang='lat' dir='ltr'>tuo</span> <span class='ocrx_word' id='word_1_592' title='bbox 1641 3764 1749 3812; x_wconf 89' lang='lat' dir='ltr'>tantum</span> 
     </span>
     <span class='ocr_line' id='line_1_88' title="bbox 954 3845 1750 3918; baseline -0.005 -13"><span class='ocrx_word' id='word_1_593' title='bbox 954 3847 1069 3905; x_wconf 90' lang='lat' dir='ltr'>consilio</span> <span class='ocrx_word' id='word_1_594' title='bbox 1083 3864 1148 3903; x_wconf 90' lang='lat' dir='ltr'>usus</span> <span class='ocrx_word' id='word_1_595' title='bbox 1161 3862 1201 3912; x_wconf 88' lang='lat' dir='ltr'>es,</span> <span class='ocrx_word' id='word_1_596' title='bbox 1215 3848 1306 3902; x_wconf 82' lang='lat' dir='ltr'>urinas</span> <span class='ocrx_word' id='word_1_597' title='bbox 1317 3845 1417 3918; x_wconf 84' lang='lat' dir='ltr'>regalis</span> <span class='ocrx_word' id='word_1_598' title='bbox 1432 3845 1591 3902; x_wconf 85' lang='lat' dir='ltr'>excellentia</span> <span class='ocrx_word' id='word_1_599' title='bbox 1605 3862 1686 3917; x_wconf 89' lang='lat' dir='ltr'>qnam</span> <span class='ocrx_word' id='word_1_600' title='bbox 1701 3845 1750 3902; x_wconf 89' lang='lat' dir='ltr'>de·</span> 
     </span>
     <span class='ocr_line' id='line_1_89' title="bbox 953 3936 1750 4008; baseline -0.001 -14"><span class='ocrx_word' id='word_1_601' title='bbox 953 3938 1011 3994; x_wconf 91' lang='lat' dir='ltr'>buit</span> <span class='ocrx_word' id='word_1_602' title='bbox 1022 3938 1096 3994; x_wconf 90' lang='lat' dir='ltr'>lecit.</span> <span class='ocrx_word' id='word_1_603' title='bbox 1112 3938 1149 3992; x_wconf 82' lang='lat' dir='ltr'>lie</span> <span class='ocrx_word' id='word_1_604' title='bbox 1164 3937 1239 4008; x_wconf 87' lang='lat' dir='ltr'>pacis</span> <span class='ocrx_word' id='word_1_605' title='bbox 1253 3951 1318 3992; x_wconf 87' lang='lat' dir='ltr'>vero</span> <span class='ocrx_word' id='word_1_606' title='bbox 1330 3945 1359 3991; x_wconf 89' lang='lat' dir='ltr'>et</span> <span class='ocrx_word' id='word_1_607' title='bbox 1374 3936 1526 3992; x_wconf 84' lang='lat' dir='ltr'>concordiae</span> <span class='ocrx_word' id='word_1_608' title='bbox 1539 3936 1654 4001; x_wconf 89' lang='lat' dir='ltr'>unitate,</span> <span class='ocrx_word' id='word_1_609' title='bbox 1671 3936 1750 4008; x_wconf 84' lang='lat' dir='ltr'>cujus</span> 
     </span>
     <span class='ocr_line' id='line_1_90' title="bbox 954 4028 1750 4103; baseline 0 -17"><span class='ocrx_word' id='word_1_610' title='bbox 954 4046 1003 4087; x_wconf 92' lang='lat' dir='ltr'>nos</span> <span class='ocrx_word' id='word_1_611' title='bbox 1019 4032 1090 4085; x_wconf 90' lang='lat' dir='ltr'>inter</span> <span class='ocrx_word' id='word_1_612' title='bbox 1107 4030 1261 4103; x_wconf 84' lang='lat' dir='ltr'>piissinvum</span> <span class='ocrx_word' id='word_1_613' title='bbox 1274 4029 1410 4085; x_wconf 82' lang='lat' dir='ltr'>Caesarem</span> <span class='ocrx_word' id='word_1_614' title='bbox 1423 4038 1451 4085; x_wconf 90' lang='lat' dir='ltr'>et</span> <span class='ocrx_word' id='word_1_615' title='bbox 1466 4039 1493 4086; x_wconf 90' lang='lat' dir='ltr'>te</span> <span class='ocrx_word' id='word_1_616' title='bbox 1507 4028 1671 4087; x_wconf 87' lang='lat' dir='ltr'>mediatores</span> <span class='ocrx_word' id='word_1_617' title='bbox 1689 4044 1750 4087; x_wconf 88' lang='lat' dir='ltr'>esse</span> 
     </span>
     <span class='ocr_line' id='line_1_91' title="bbox 953 4117 1750 4193; baseline -0.001 -16"><span class='ocrx_word' id='word_1_618' title='bbox 953 4121 1054 4177; x_wconf 86' lang='lat' dir='ltr'>debere</span> <span class='ocrx_word' id='word_1_619' title='bbox 1076 4134 1266 4191; x_wconf 78' lang='lat' dir='ltr'>suggesseras,</span> <span class='ocrx_word' id='word_1_620' title='bbox 1295 4117 1475 4176; x_wconf 86' lang='lat' dir='ltr'>libentissime</span> <span class='ocrx_word' id='word_1_621' title='bbox 1506 4121 1692 4193; x_wconf 86' lang='lat' dir='ltr'>suscepimus,</span> <span class='ocrx_word' id='word_1_622' title='bbox 1722 4128 1750 4176; x_wconf 92' lang='lat' dir='ltr'>et</span> 
     </span>
     <span class='ocr_line' id='line_1_92' title="bbox 953 4210 1748 4283; baseline 0.003 -16"><span class='ocrx_word' id='word_1_623' title='bbox 953 4227 1034 4282; x_wconf 87' lang='lat' dir='ltr'>agere</span> <span class='ocrx_word' id='word_1_624' title='bbox 1063 4212 1206 4283; x_wconf 88' lang='lat' dir='ltr'>coepimus.</span> <span class='ocrx_word' id='word_1_625' title='bbox 1231 4210 1286 4267; x_wconf 88' lang='lat' dir='ltr'>Sed</span> <span class='ocrx_word' id='word_1_626' title='bbox 1307 4210 1345 4268; x_wconf 89' lang='lat' dir='ltr'>illi</span> <span class='ocrx_word' id='word_1_627' title='bbox 1367 4220 1462 4267; x_wconf 90' lang='lat' dir='ltr'>contra</span> <span class='ocrx_word' id='word_1_628' title='bbox 1486 4211 1579 4270; x_wconf 87' lang='lat' dir='ltr'>hostes</span> <span class='ocrx_word' id='word_1_629' title='bbox 1598 4212 1748 4270; x_wconf 83' lang='lat' dir='ltr'>Christiani</span> 
     </span>
     <span class='ocr_line' id='line_1_93' title="bbox 953 4302 1750 4377; baseline -0.003 -18"><span class='ocrx_word' id='word_1_630' title='bbox 953 4302 1072 4377; x_wconf 83' lang='lat' dir='ltr'>nominis</span> <span class='ocrx_word' id='word_1_631' title='bbox 1089 4302 1242 4367; x_wconf 83' lang='lat' dir='ltr'>dimicanti,</span> <span class='ocrx_word' id='word_1_632' title='bbox 1257 4316 1307 4373; x_wconf 88' lang='lat' dir='ltr'>pro</span> <span class='ocrx_word' id='word_1_633' title='bbox 1329 4302 1491 4358; x_wconf 86' lang='lat' dir='ltr'>liberatione</span> <span class='ocrx_word' id='word_1_634' title='bbox 1507 4302 1600 4375; x_wconf 90' lang='lat' dir='ltr'>populi</span> <span class='ocrx_word' id='word_1_635' title='bbox 1619 4304 1666 4360; x_wconf 84' lang='lat' dir='ltr'>liei</span> <span class='ocrx_word' id='word_1_636' title='bbox 1681 4304 1750 4358; x_wconf 91' lang='lat' dir='ltr'>mul-</span> 
     </span>
     <span class='ocr_line' id='line_1_94' title="bbox 953 4392 1743 4464; baseline 0.003 -16"><span class='ocrx_word' id='word_1_637' title='bbox 953 4394 989 4450; x_wconf 90' lang='lat' dir='ltr'>tis</span> <span class='ocrx_word' id='word_1_638' title='bbox 1003 4393 1142 4450; x_wconf 90' lang='lat' dir='ltr'>laboribus</span> <span class='ocrx_word' id='word_1_639' title='bbox 1155 4393 1309 4459; x_wconf 88' lang='lat' dir='ltr'>insistenti,</span> <span class='ocrx_word' id='word_1_640' title='bbox 1331 4403 1359 4449; x_wconf 91' lang='lat' dir='ltr'>et</span> <span class='ocrx_word' id='word_1_641' title='bbox 1371 4392 1440 4448; x_wconf 87' lang='lat' dir='ltr'>bella</span> <span class='ocrx_word' id='word_1_642' title='bbox 1455 4393 1563 4449; x_wconf 85' lang='lat' dir='ltr'>Domini</span> <span class='ocrx_word' id='word_1_643' title='bbox 1577 4393 1743 4464; x_wconf 80' lang='lat' dir='ltr'>praliaodo,</span> 
     </span>
     <span class='ocr_line' id='line_1_95' title="bbox 954 4482 1748 4555; baseline -0.004 -14"><span class='ocrx_word' id='word_1_644' title='bbox 954 4484 1168 4541; x_wconf 90' lang='lat' dir='ltr'>Sarracenorum</span> <span class='ocrx_word' id='word_1_645' title='bbox 1180 4483 1379 4539; x_wconf 87' lang='lat' dir='ltr'>multitudinem</span> <span class='ocrx_word' id='word_1_646' title='bbox 1392 4485 1541 4555; x_wconf 89' lang='lat' dir='ltr'>superanti,</span> <span class='ocrx_word' id='word_1_647' title='bbox 1555 4492 1584 4539; x_wconf 89' lang='lat' dir='ltr'>ut</span> <span class='ocrx_word' id='word_1_648' title='bbox 1597 4499 1648 4554; x_wconf 87' lang='lat' dir='ltr'>pax</span> <span class='ocrx_word' id='word_1_649' title='bbox 1660 4482 1748 4548; x_wconf 87' lang='lat' dir='ltr'>lieret,</span> 
     </span>
     <span class='ocr_line' id='line_1_96' title="bbox 953 4572 1747 4644; baseline -0.004 -13"><span class='ocrx_word' id='word_1_650' title='bbox 953 4573 1051 4631; x_wconf 89' lang='lat' dir='ltr'>cedere</span> <span class='ocrx_word' id='word_1_651' title='bbox 1065 4573 1176 4628; x_wconf 91' lang='lat' dir='ltr'>noluisti</span> <span class='ocrx_word' id='word_1_652' title='bbox 1198 4572 1288 4643; x_wconf 84' lang='lat' dir='ltr'>:quin</span> <span class='ocrx_word' id='word_1_653' title='bbox 1303 4573 1393 4643; x_wconf 90' lang='lat' dir='ltr'>potius</span> <span class='ocrx_word' id='word_1_654' title='bbox 1408 4587 1461 4629; x_wconf 90' lang='lat' dir='ltr'>nco</span> <span class='ocrx_word' id='word_1_655' title='bbox 1481 4582 1511 4628; x_wconf 90' lang='lat' dir='ltr'>at</span> <span class='ocrx_word' id='word_1_656' title='bbox 1534 4574 1609 4644; x_wconf 89' lang='lat' dir='ltr'>pacis</span> <span class='ocrx_word' id='word_1_657' title='bbox 1629 4582 1747 4639; x_wconf 90' lang='lat' dir='ltr'>amator,</span> 
     </span>
     <span class='ocr_line' id='line_1_97' title="bbox 953 4663 1747 4737; baseline -0.003 -13"><span class='ocrx_word' id='word_1_658' title='bbox 953 4668 1001 4724; x_wconf 88' lang='lat' dir='ltr'>sed</span> <span class='ocrx_word' id='word_1_659' title='bbox 1014 4675 1045 4722; x_wconf 89' lang='lat' dir='ltr'>ut</span> <span class='ocrx_word' id='word_1_660' title='bbox 1059 4663 1178 4722; x_wconf 89' lang='lat' dir='ltr'>scandali</span> <span class='ocrx_word' id='word_1_661' title='bbox 1192 4664 1355 4731; x_wconf 90' lang='lat' dir='ltr'>concitator,</span> <span class='ocrx_word' id='word_1_662' title='bbox 1372 4665 1454 4721; x_wconf 89' lang='lat' dir='ltr'>etiam</span> <span class='ocrx_word' id='word_1_663' title='bbox 1476 4673 1503 4720; x_wconf 93' lang='lat' dir='ltr'>et</span> <span class='ocrx_word' id='word_1_664' title='bbox 1523 4665 1674 4737; x_wconf 76' lang='lat' dir='ltr'>tyrannidis</span> <span class='ocrx_word' id='word_1_665' title='bbox 1687 4681 1747 4722; x_wconf 90' lang='lat' dir='ltr'>ma·</span> 
     </span>
     <span class='ocr_line' id='line_1_98' title="bbox 954 4755 1749 4828; baseline -0.004 -13"><span class='ocrx_word' id='word_1_666' title='bbox 954 4757 1148 4815; x_wconf 88' lang='lat' dir='ltr'>niicstissimus</span> <span class='ocrx_word' id='word_1_667' title='bbox 1160 4762 1315 4822; x_wconf 80' lang='lat' dir='ltr'>exsecutor,</span> <span class='ocrx_word' id='word_1_668' title='bbox 1325 4755 1401 4826; x_wconf 88' lang='lat' dir='ltr'>pacis</span> <span class='ocrx_word' id='word_1_669' title='bbox 1413 4764 1518 4825; x_wconf 88' lang='lat' dir='ltr'>tempus</span> <span class='ocrx_word' id='word_1_670' title='bbox 1533 4771 1586 4812; x_wconf 91' lang='lat' dir='ltr'>non</span> <span class='ocrx_word' id='word_1_671' title='bbox 1596 4771 1626 4812; x_wconf 91' lang='lat' dir='ltr'>es</span> <span class='ocrx_word' id='word_1_672' title='bbox 1640 4766 1749 4828; x_wconf 72' lang='lat' dir='ltr'>praesto</span> 
     </span>
     <span class='ocr_line' id='line_1_99' title="bbox 954 4844 1747 4918; baseline -0.004 -14"><span class='ocrx_word' id='word_1_673' title='bbox 954 4849 1047 4904; x_wconf 86' lang='lat' dir='ltr'>latus:</span> <span class='ocrx_word' id='word_1_674' title='bbox 1063 4847 1128 4918; x_wconf 91' lang='lat' dir='ltr'>quia</span> <span class='ocrx_word' id='word_1_675' title='bbox 1147 4857 1290 4918; x_wconf 89' lang='lat' dir='ltr'>postquam</span> <span class='ocrx_word' id='word_1_676' title='bbox 1306 4846 1364 4902; x_wconf 83' lang='lat' dir='ltr'>lvaec</span> <span class='ocrx_word' id='word_1_677' title='bbox 1386 4844 1423 4900; x_wconf 91' lang='lat' dir='ltr'>illi</span> <span class='ocrx_word' id='word_1_678' title='bbox 1447 4844 1543 4901; x_wconf 90' lang='lat' dir='ltr'>callide</span> <span class='ocrx_word' id='word_1_679' title='bbox 1559 4847 1686 4902; x_wconf 90' lang='lat' dir='ltr'>mandare</span> <span class='ocrx_word' id='word_1_680' title='bbox 1698 4862 1747 4902; x_wconf 91' lang='lat' dir='ltr'>cu·</span> 
     </span>
     <span class='ocr_line' id='line_1_100' title="bbox 954 4936 1749 5010; baseline -0.003 -14"><span class='ocrx_word' id='word_1_681' title='bbox 954 4939 1040 5004; x_wconf 90' lang='lat' dir='ltr'>rasti,</span> <span class='ocrx_word' id='word_1_682' title='bbox 1063 4937 1154 4994; x_wconf 90' lang='lat' dir='ltr'>domni</span> <span class='ocrx_word' id='word_1_683' title='bbox 1171 4936 1346 5008; x_wconf 88' lang='lat' dir='ltr'>imperatoris</span> <span class='ocrx_word' id='word_1_684' title='bbox 1369 4951 1481 5008; x_wconf 69' lang='lat' dir='ltr'>regum</span> <span class='ocrx_word' id='word_1_685' title='bbox 1501 4937 1588 5009; x_wconf 90' lang='lat' dir='ltr'>magis</span> <span class='ocrx_word' id='word_1_686' title='bbox 1609 4951 1641 4993; x_wconf 86' lang='lat' dir='ltr'>ac</span> <span class='ocrx_word' id='word_1_687' title='bbox 1661 4940 1749 5010; x_wconf 85' lang='lat' dir='ltr'>magis</span> 
     </span>
     <span class='ocr_line' id='line_1_101' title="bbox 953 5028 1749 5101; baseline 0.001 -14"><span class='ocrx_word' id='word_1_688' title='bbox 953 5031 1097 5096; x_wconf 84' lang='lat' dir='ltr'>invasisti,</span> <span class='ocrx_word' id='word_1_689' title='bbox 1120 5028 1287 5095; x_wconf 86' lang='lat' dir='ltr'>sollicitasti,</span> <span class='ocrx_word' id='word_1_690' title='bbox 1309 5028 1453 5094; x_wconf 89' lang='lat' dir='ltr'>ordinasti,</span> <span class='ocrx_word' id='word_1_691' title='bbox 1475 5035 1501 5086; x_wconf 88' lang='lat' dir='ltr'>et</span> <span class='ocrx_word' id='word_1_692' title='bbox 1520 5030 1642 5088; x_wconf 84' lang='lat' dir='ltr'>lrotnincs</span> <span class='ocrx_word' id='word_1_693' title='bbox 1663 5030 1749 5101; x_wconf 88' lang='lat' dir='ltr'>ipsius</span> 
     </span>
     <span class='ocr_line' id='line_1_102' title="bbox 953 5118 1748 5196; baseline -0.003 -18"><span class='ocrx_word' id='word_1_694' title='bbox 953 5122 1030 5196; x_wconf 82' lang='lat' dir='ltr'>regni</span> <span class='ocrx_word' id='word_1_695' title='bbox 1046 5121 1081 5177; x_wconf 92' lang='lat' dir='ltr'>ad</span> <span class='ocrx_word' id='word_1_696' title='bbox 1103 5129 1177 5176; x_wconf 92' lang='lat' dir='ltr'>tuam</span> <span class='ocrx_word' id='word_1_697' title='bbox 1199 5120 1355 5177; x_wconf 88' lang='lat' dir='ltr'>lidelitatem</span> <span class='ocrx_word' id='word_1_698' title='bbox 1376 5118 1470 5189; x_wconf 86' lang='lat' dir='ltr'>jurare</span> <span class='ocrx_word' id='word_1_699' title='bbox 1493 5118 1594 5178; x_wconf 86' lang='lat' dir='ltr'>iecisti.</span> <span class='ocrx_word' id='word_1_700' title='bbox 1618 5119 1666 5178; x_wconf 88' lang='lat' dir='ltr'>Cui</span> <span class='ocrx_word' id='word_1_701' title='bbox 1685 5122 1748 5177; x_wconf 88' lang='lat' dir='ltr'>talia</span> 
     </span>
     <span class='ocr_line' id='line_1_103' title="bbox 952 5215 1746 5288; baseline -0.003 -17"><span class='ocrx_word' id='word_1_702' title='bbox 952 5215 1042 5275; x_wconf 89' lang='lat' dir='ltr'>lacere</span> <span class='ocrx_word' id='word_1_703' title='bbox 1062 5218 1284 5288; x_wconf 90' lang='lat' dir='ltr'>pertimesceres,</span> <span class='ocrx_word' id='word_1_704' title='bbox 1310 5217 1361 5273; x_wconf 92' lang='lat' dir='ltr'>nisi</span> <span class='ocrx_word' id='word_1_705' title='bbox 1380 5217 1438 5288; x_wconf 89' lang='lat' dir='ltr'>ipse</span> <span class='ocrx_word' id='word_1_706' title='bbox 1461 5216 1543 5271; x_wconf 89' lang='lat' dir='ltr'>tantis</span> <span class='ocrx_word' id='word_1_707' title='bbox 1558 5215 1695 5272; x_wconf 87' lang='lat' dir='ltr'>laboribus</span> <span class='ocrx_word' id='word_1_708' title='bbox 1713 5215 1746 5270; x_wconf 91' lang='lat' dir='ltr'>ad</span> 
     </span>
    </p>
   </div>
   <div class='ocr_carea' id='block_1_20' title="bbox 105 5304 1746 5757">
    <p class='ocr_par' dir='ltr' id='par_1_25' title="bbox 105 5304 1746 5757">
     <span class='ocr_line' id='line_1_104' title="bbox 105 5304 1746 5384; baseline 0.001 -23"><span class='ocrx_word' id='word_1_709' title='bbox 105 5304 247 5362; x_wconf 84' lang='lat' dir='ltr'>Ludovico</span> <span class='ocrx_word' id='word_1_710' title='bbox 260 5306 383 5377; x_wconf 75' lang='lat' dir='ltr'>Augusto</span> <span class='ocrx_word' id='word_1_711' title='bbox 409 5305 465 5363; x_wconf 83' lang='lat' dir='ltr'>utto</span> <span class='ocrx_word' id='word_1_712' title='bbox 478 5307 547 5378; x_wconf 84' lang='lat' dir='ltr'>ejus,</span> <span class='ocrx_word' id='word_1_713' title='bbox 561 5305 638 5376; x_wconf 81' lang='lat' dir='ltr'>juxta</span> <span class='ocrx_word' id='word_1_714' title='bbox 649 5308 755 5365; x_wconf 87' lang='lat' dir='ltr'>divinas</span> <span class='ocrx_word' id='word_1_715' title='bbox 768 5317 796 5365; x_wconf 91' lang='lat' dir='ltr'>et</span> <span class='ocrx_word' id='word_1_716' title='bbox 806 5309 900 5366; x_wconf 89' lang='lat' dir='ltr'>huma·</span> <span class='ocrx_word' id='word_1_717' title='bbox 946 5318 1108 5384; x_wconf 89' lang='lat' dir='ltr'>perpetuam</span> <span class='ocrx_word' id='word_1_718' title='bbox 1122 5325 1217 5382; x_wconf 86' lang='lat' dir='ltr'>pacem</span> <span class='ocrx_word' id='word_1_719' title='bbox 1235 5318 1336 5365; x_wconf 84' lang='lat' dir='ltr'>sanctae</span> <span class='ocrx_word' id='word_1_720' title='bbox 1347 5309 1476 5364; x_wconf 80' lang='lat' dir='ltr'>Ecclesiae</span> <span class='ocrx_word' id='word_1_721' title='bbox 1489 5309 1533 5362; x_wconf 93' lang='lat' dir='ltr'>diu</span> <span class='ocrx_word' id='word_1_722' title='bbox 1548 5316 1681 5376; x_wconf 88' lang='lat' dir='ltr'>noctuque</span> <span class='ocrx_word' id='word_1_723' title='bbox 1696 5322 1746 5376; x_wconf 93' lang='lat' dir='ltr'>prc</span> 
     </span>
     <span class='ocr_line' id='line_1_105' title="bbox 105 5397 1740 5472; baseline -0.007 -5"><span class='ocrx_word' id='word_1_724' title='bbox 105 5412 157 5454; x_wconf 75' lang='lat'>¹¹³⁸</span> <span class='ocrx_word' id='word_1_725' title='bbox 168 5397 242 5469; x_wconf 60' lang='lat' dir='ltr'>lessi</span> <span class='ocrx_word' id='word_1_726' title='bbox 256 5397 379 5464; x_wconf 87' lang='lat' dir='ltr'>debetur,</span> <span class='ocrx_word' id='word_1_727' title='bbox 395 5400 591 5472; x_wconf 75' lang='lat' dir='ltr'>presumpsisti</span> <span class='ocrx_word' id='word_1_728' title='bbox 606 5399 742 5468; x_wconf 87' lang='lat' dir='ltr'>invadere,</span> <span class='ocrx_word' id='word_1_729' title='bbox 756 5409 784 5456; x_wconf 90' lang='lat' dir='ltr'>et</span> <span class='ocrx_word' id='word_1_730' title='bbox 798 5401 826 5456; x_wconf 90' lang='lat' dir='ltr'>io</span> <span class='ocrx_word' id='word_1_731' title='bbox 838 5417 899 5458; x_wconf 90' lang='lat' dir='ltr'>rea·</span> <span class='ocrx_word' id='word_1_732' title='bbox 947 5406 1048 5463; x_wconf 82' lang='lat' dir='ltr'>Christi</span> <span class='ocrx_word' id='word_1_733' title='bbox 1060 5420 1155 5461; x_wconf 87' lang='lat' dir='ltr'>amore</span> <span class='ocrx_word' id='word_1_734' title='bbox 1168 5405 1283 5460; x_wconf 89' lang='lat' dir='ltr'>tidenter</span> <span class='ocrx_word' id='word_1_735' title='bbox 1296 5406 1420 5460; x_wconf 84' lang='lat' dir='ltr'>bareret.</span> <span class='ocrx_word' id='word_1_736' title='bbox 1436 5401 1487 5469; x_wconf 81' lang='lat' dir='ltr'>Qui</span> <span class='ocrx_word' id='word_1_737' title='bbox 1508 5400 1631 5470; x_wconf 67' lang='lat' dir='ltr'>acceptis</span> <span class='ocrx_word' id='word_1_738' title='bbox 1644 5399 1740 5467; x_wconf 88' lang='lat' dir='ltr'>bouis,</span> 
     </span>
     <span class='ocr_line' id='line_1_106' title="bbox 105 5490 1740 5570; baseline 0 -24"><span class='ocrx_word' id='word_1_739' title='bbox 105 5497 165 5546; x_wconf 88' lang='lat' dir='ltr'>tuta</span> <span class='ocrx_word' id='word_1_740' title='bbox 185 5490 301 5562; x_wconf 84' lang='lat' dir='ltr'>perjurii</span> <span class='ocrx_word' id='word_1_741' title='bbox 321 5490 442 5547; x_wconf 89' lang='lat' dir='ltr'>incidere</span> <span class='ocrx_word' id='word_1_742' title='bbox 463 5506 517 5548; x_wconf 91' lang='lat' dir='ltr'>non</span> <span class='ocrx_word' id='word_1_743' title='bbox 537 5490 699 5548; x_wconf 79' lang='lat' dir='ltr'>formidasti.</span> <span class='ocrx_word' id='word_1_744' title='bbox 733 5490 858 5563; x_wconf 85' lang='lat' dir='ltr'>Nunquid</span> <span class='ocrx_word' id='word_1_745' title='bbox 881 5508 897 5549; x_wconf 92' lang='lat' dir='ltr'>a</span> <span class='ocrx_word' id='word_1_746' title='bbox 947 5498 1085 5570; x_wconf 87' lang='lat' dir='ltr'>inquibus</span> <span class='ocrx_word' id='word_1_747' title='bbox 1102 5497 1141 5552; x_wconf 88' lang='lat' dir='ltr'>ilii</span> <span class='ocrx_word' id='word_1_748' title='bbox 1157 5505 1183 5553; x_wconf 88' lang='lat' dir='ltr'>te</span> <span class='ocrx_word' id='word_1_749' title='bbox 1197 5497 1327 5554; x_wconf 89' lang='lat' dir='ltr'>solamina</span> <span class='ocrx_word' id='word_1_750' title='bbox 1341 5496 1483 5567; x_wconf 89' lang='lat' dir='ltr'>oportebat</span> <span class='ocrx_word' id='word_1_751' title='bbox 1497 5492 1621 5550; x_wconf 81' lang='lat' dir='ltr'>conterre</span> <span class='ocrx_word' id='word_1_752' title='bbox 1637 5493 1740 5563; x_wconf 82' lang='lat' dir='ltr'>magis,</span> 
     </span>
     <span class='ocr_line' id='line_1_107' title="bbox 105 5582 1743 5662; baseline 0 -23"><span class='ocrx_word' id='word_1_753' title='bbox 105 5591 199 5640; x_wconf 86' lang='lat' dir='ltr'>mente</span> <span class='ocrx_word' id='word_1_754' title='bbox 212 5582 324 5649; x_wconf 82' lang='lat' dir='ltr'>excidit,</span> <span class='ocrx_word' id='word_1_755' title='bbox 337 5583 411 5655; x_wconf 87' lang='lat' dir='ltr'>quod</span> <span class='ocrx_word' id='word_1_756' title='bbox 422 5591 513 5641; x_wconf 88' lang='lat' dir='ltr'>vestra</span> <span class='ocrx_word' id='word_1_757' title='bbox 524 5593 732 5656; x_wconf 86' lang='lat' dir='ltr'>vestrorumque</span> <span class='ocrx_word' id='word_1_758' title='bbox 741 5584 896 5656; x_wconf 77' lang='lat' dir='ltr'>iuramenta</span> <span class='ocrx_word' id='word_1_759' title='bbox 951 5605 1032 5662; x_wconf 90' lang='lat' dir='ltr'>qoam</span> <span class='ocrx_word' id='word_1_760' title='bbox 1056 5588 1240 5645; x_wconf 85' lang='lat' dir='ltr'>Christianum</span> <span class='ocrx_word' id='word_1_761' title='bbox 1264 5587 1389 5660; x_wconf 90' lang='lat' dir='ltr'>populum</span> <span class='ocrx_word' id='word_1_762' title='bbox 1414 5593 1509 5642; x_wconf 90' lang='lat' dir='ltr'>contra</span> <span class='ocrx_word' id='word_1_763' title='bbox 1532 5583 1612 5641; x_wconf 89' lang='lat' dir='ltr'>tidem</span> <span class='ocrx_word' id='word_1_764' title='bbox 1626 5584 1743 5640; x_wconf 87' lang='lat' dir='ltr'>debitam</span> 
     </span>
     <span class='ocr_line' id='line_1_108' title="bbox 107 5672 1741 5757; baseline -0.001 -25"><span class='ocrx_word' id='word_1_765' title='bbox 107 5674 164 5732; x_wconf 87' lang='lat' dir='ltr'>sedi</span> <span class='ocrx_word' id='word_1_766' title='bbox 178 5672 337 5755; x_wconf 78' lang='lat' dir='ltr'>apostolicas</span> <span class='ocrx_word' id='word_1_767' title='bbox 348 5675 483 5735; x_wconf 88' lang='lat' dir='ltr'>destinata</span> <span class='ocrx_word' id='word_1_768' title='bbox 496 5675 684 5745; x_wconf 87' lang='lat' dir='ltr'>discussimus,</span> <span class='ocrx_word' id='word_1_769' title='bbox 698 5676 896 5746; x_wconf 85' lang='lat' dir='ltr'>roboravimus,</span> <span class='ocrx_word' id='word_1_770' title='bbox 950 5682 1095 5757; x_wconf 88' lang='lat' dir='ltr'>persequi,</span> <span class='ocrx_word' id='word_1_771' title='bbox 1118 5697 1228 5737; x_wconf 89' lang='lat' dir='ltr'>manum</span> <span class='ocrx_word' id='word_1_772' title='bbox 1241 5687 1348 5750; x_wconf 88' lang='lat' dir='ltr'>etopus</span> <span class='ocrx_word' id='word_1_773' title='bbox 1360 5694 1414 5735; x_wconf 91' lang='lat' dir='ltr'>uon</span> <span class='ocrx_word' id='word_1_774' title='bbox 1427 5676 1606 5744; x_wconf 86' lang='lat' dir='ltr'>subtrabens,</span> <span class='ocrx_word' id='word_1_775' title='bbox 1631 5674 1741 5732; x_wconf 88' lang='lat' dir='ltr'>dubium</span> 
     </span>
    </p>
   </div>
   <div class='ocr_carea' id='block_1_21' title="bbox 108 5808 1743 5965">
    <p class='ocr_par' dir='ltr' id='par_1_26' title="bbox 108 5808 1743 5965">
     <span class='ocr_line' id='line_1_109' title="bbox 143 5808 1743 5891; baseline 0.002 -24"><span class='ocrx_word' id='word_1_776' title='bbox 143 5824 156 5853; x_wconf 81' lang='lat'>⁸</span> <span class='ocrx_word' id='word_1_777' title='bbox 175 5808 321 5867; x_wconf 81' lang='lat' dir='ltr'>Sacrorum</span> <span class='ocrx_word' id='word_1_778' title='bbox 334 5813 422 5885; x_wconf 80' lang='lat' dir='ltr'>itaque</span> <span class='ocrx_word' id='word_1_779' title='bbox 440 5810 602 5883; x_wconf 75' lang='lat' dir='ltr'>dogmatum.</span> <span class='ocrx_word' id='word_1_780' title='bbox 625 5809 714 5868; x_wconf 84' lang='lat' dir='ltr'>Caroli</span> <span class='ocrx_word' id='word_1_781' title='bbox 738 5811 773 5867; x_wconf 87' lang='lat' dir='ltr'>ad</span> <span class='ocrx_word' id='word_1_782' title='bbox 792 5811 898 5884; x_wconf 85' lang='lat' dir='ltr'>singula</span> <span class='ocrx_word' id='word_1_783' title='bbox 950 5833 1014 5891; x_wconf 68' lang='lat' dir='ltr'>rege</span> <span class='ocrx_word' id='word_1_784' title='bbox 1027 5824 1197 5887; x_wconf 84' lang='lat' dir='ltr'>contemptos</span> <span class='ocrx_word' id='word_1_785' title='bbox 1210 5815 1259 5885; x_wconf 84' lang='lat' dir='ltr'>ait,</span> <span class='ocrx_word' id='word_1_786' title='bbox 1273 5813 1389 5873; x_wconf 81' lang='lat' dir='ltr'>Paulum</span> <span class='ocrx_word' id='word_1_787' title='bbox 1407 5822 1436 5872; x_wconf 86' lang='lat' dir='ltr'>et</span> <span class='ocrx_word' id='word_1_788' title='bbox 1455 5809 1588 5871; x_wconf 74' lang='lat' dir='ltr'>Joauncttt</span> <span class='ocrx_word' id='word_1_789' title='bbox 1601 5810 1743 5883; x_wconf 73' lang='lat' dir='ltr'>episcopos</span> 
     </span>
     <span class='ocr_line' id='line_1_110' title="bbox 108 5879 1179 5965; baseline 0.003 -30"><span class='ocrx_word' id='word_1_790' title='bbox 108 5879 188 5952; x_wconf 82' lang='lat' dir='ltr'>bajas</span> <span class='ocrx_word' id='word_1_791' title='bbox 200 5881 320 5953; x_wconf 79' lang='lat' dir='ltr'>epistola</span> <span class='ocrx_word' id='word_1_792' title='bbox 334 5883 455 5941; x_wconf 89' lang='lat' dir='ltr'>membra</span> <span class='ocrx_word' id='word_1_793' title='bbox 468 5881 651 5953; x_wconf 89' lang='lat' dir='ltr'>responsionis</span> <span class='ocrx_word' id='word_1_794' title='bbox 665 5882 788 5938; x_wconf 91' lang='lat' dir='ltr'>meminit</span> <span class='ocrx_word' id='word_1_795' title='bbox 802 5883 898 5937; x_wconf 69' lang='lat' dir='ltr'>butria·</span> <span class='ocrx_word' id='word_1_796' title='bbox 950 5889 1084 5965; x_wconf 75' lang='lat' dir='ltr'>tnaetligit.</span> <span class='ocrx_word' id='word_1_797' title='bbox 1101 5887 1179 5947; x_wconf 75' lang='lat' dir='ltr'>sinn.</span> 
     </span>
    </p>
   </div>
   <div class='ocr_carea' id='block_1_22' title="bbox 109 5951 899 6029">
    <p class='ocr_par' dir='ltr' id='par_1_27' title="bbox 109 5951 899 6029">
     <span class='ocr_line' id='line_1_111' title="bbox 109 5951 899 6029; baseline 0.008 -21"><span class='ocrx_word' id='word_1_798' title='bbox 109 5965 160 6012; x_wconf 89' lang='lat' dir='ltr'>cus</span> <span class='ocrx_word' id='word_1_799' title='bbox 180 5953 209 6011; x_wconf 90' lang='lat' dir='ltr'>in</span> <span class='ocrx_word' id='word_1_800' title='bbox 228 5954 341 6028; x_wconf 88' lang='lat' dir='ltr'>epistola</span> <span class='ocrx_word' id='word_1_801' title='bbox 356 5953 400 6013; x_wconf 66' lang='grc' dir='ltr'>ιθ.</span> <span class='ocrx_word' id='word_1_802' title='bbox 424 5951 539 6029; x_wconf 80' lang='lat' dir='ltr'>Legatos</span> <span class='ocrx_word' id='word_1_803' title='bbox 551 5961 643 6011; x_wconf 87' lang='lat' dir='ltr'>autem</span> <span class='ocrx_word' id='word_1_804' title='bbox 678 5970 747 6027; x_wconf 82' lang='lat' dir='ltr'>qnos</span> <span class='ocrx_word' id='word_1_805' title='bbox 766 5970 782 6011; x_wconf 90' lang='lat' dir='ltr'>a</span> <span class='ocrx_word' id='word_1_806' title='bbox 802 5954 899 6014; x_wconf 64' lang='grc' dir='ltr'>ιλιι-ιιι)</span> 
     </span>
    </p>
   </div>
   <div class='ocr_carea' id='block_1_23' title="bbox 0 0 2091 6625">
    <p class='ocr_par' dir='ltr' id='par_1_28' title="bbox 0 0 2091 6625">
     <span class='ocr_line' id='line_1_112' title="bbox 0 0 2091 6625; baseline 0 0"><span class='ocrx_word' id='word_1_807' title='bbox 0 0 2091 6625; x_wconf 95' lang='lat' dir='ltr'> </span> 
     </span>
    </p>
   </div>
  </div>
 </body>
</html>
