4167 6625
82 522 145 582 9ίῖ

523 522 567 577 DE
585 518 755 578 otvistotta
774 518 950 577 NATUiibE.
968 551 1004 562 -
1021 519 1121 577 LiBER
1141 519 1304 588 obtortis.

1678 522 1729 578 att

79 657 142 713 per
171 637 319 696 salvatoris
345 636 436 693 mundi
461 637 709 694 inhumanationem
729 638 818 693 irttrtra
839 637 886 703 sit,
902 646 924 708 Ᾰ
940 638 1022 694 radiis
1057 640 1169 711 studique
1202 640 1394 713 compiectens,
1427 641 1455 695 io
1490 641 1639 697 suntmitote
1671 643 1730 697 coni

81 732 167 788 beati
187 728 331 802 iipipbanii
346 729 527 786 testimonium
543 729 752 797 introduximus,
765 747 886 787 necessa-

78 824 163 879 riam
188 822 324 888 arbitror,
349 820 439 894 magui
461 820 468 852 ¹
495 836 602 893 quoque
625 816 740 896 theologi
764 822 887 896 Gregorii

78 914 256 972 senteutiam
270 914 304 969 de
324 913 418 969 eadem
442 913 546 969 ratione
574 913 787 969 introducamus.
812 915 885 971 base.

76 1002 292 1062 Necessarium.
314 1000 382 1059 Nam
408 1004 493 1059 etsie
513 1004 689 1074 promissum,
706 1006 757 1061 'ct
769 1005 838 1077 quoti
861 1007 888 1067 iu

78 1102 135 1142 ore
147 1088 262 1142 durorum
274 1086 428 1141 idoneorum
441 1086 547 1141 testium
561 1084 741 1153 constituitur,
749 1090 888 1144 inconcus-

75 1198 151 1236 sum
164 1194 220 1237 esse
232 1178 340 1236 ridetur.
357 1177 426 1235 bino
444 1176 578 1235 Vicesirno
590 1180 681 1250 itaque
696 1188 723 1236 et
747 1176 865 1237 secundo
876 1174 889 1212 ¹

77 1272 213 1344 capitulo
234 1272 367 1328 sermonis
389 1273 421 1328 tie
444 1268 565 1342 imagine
582 1270 733 1343 disputans,
749 1274 820 1343 quod
844 1286 887 1328 re·

75 1366 225 1422 surrectio
237 1378 289 1421 non
307 1372 411 1421 tanitrm
435 1376 468 1421 ert
492 1362 694 1437 praedicatione
708 1362 885 1438 Scripturas,

77 1466 271 1530 quantumst
291 1456 349 1529 ipsa
370 1470 461 1513 rerum
488 1458 650 1513 necessitate
674 1468 820 1529 speratur:
837 1456 888 1513 Sed

76 1564 139 1604 raon
154 1549 194 1604 sie
206 1556 254 1614 esi,
269 1548 364 1620 iuquit,
387 1547 463 1616 sortis
474 1546 485 1579 ⁸
496 1547 610 1615 maiitia,
624 1557 651 1601 ut
665 1545 788 1603 bonitatis
803 1547 892 1602 aincai'

75 1638 231 1694 uirtutem:
243 1650 324 1708 neque
336 1638 405 1692 enim
416 1634 510 1691 ntciins
521 1653 602 1707 aeque
612 1637 784 1705 sinquiuriua,
795 1634 888 1690 itocesi

76 1729 245 1801 simpiicius,
259 1736 363 1784 nostroe
376 1737 486 1782 naturae
507 1724 695 1791 inconsultum,
711 1726 887 1797 insipientiam

76 1822 162 1886 dico,
175 1830 254 1890 qnam
268 1816 315 1873 aa
324 1816 465 1888 supientia.
481 1815 543 1873 Non
554 1817 621 1870 enirn
632 1814 754 1888 possibile
765 1825 814 1882 est,
826 1833 888 1870 eon·

77 1908 208 1965 eersibiis
219 1919 296 1980 utque
307 1908 432 1963 macrobiis
449 1910 580 1979 potentius
593 1924 648 1963 esse
671 1918 748 1977 utque
770 1906 888 1978 sinquia·

938 729 1124 785 commisimus
1154 729 1259 784 iarnainis
1291 730 1418 786 connectit
1430 749 1440 799 ;
1473 732 1560 803 itaque
1589 732 1731 789 secundant

937 821 1090 893 irqpotiresin
1101 823 1141 876 sin
1155 822 1228 892 peret
1241 820 1320 877 uiieai
1334 823 1417 879 uirtus
1432 825 1642 896 transgrediendi
1658 841 1730 882 rrttrt·⁴

936 929 1038 975 surum,
1059 914 1086 967 in
1105 930 1185 985 quoru
1195 915 1345 971 assentimur
1363 914 1455 970 umbro
1469 920 1504 981 ¹⁸,
1520 916 1626 973 omnino
1640 916 1668 973 t'n
1686 915 1730 973 itt·

937 1003 1006 1058 mine
1018 1012 1123 1071 esset,u
1143 1003 1255 1059 tenebris
1279 1004 1386 1060 iiiuesus
1398 1020 1407 1060 :
1421 1006 1458 1060 sic
1474 1004 1589 1060 arbitror
1612 1014 1731 1078 oportere

937 1092 1015 1146 etium
1034 1092 1067 1146 de
1085 1093 1334 1164 nortamptoniae,
1352 1096 1415 1166 quia
1430 1106 1595 1151 transeuntes
1613 1096 1732 1153 orariin’aa

937 1182 1088 1248 turturinum,
1111 1199 1169 1237 curn
1190 1185 1217 1238 in
1237 1186 1388 1243 strrrrmiiute
1405 1187 1512 1241 urtrbrae
1531 1188 1630 1263 peceati
1648 1187 1732 1261 [ueri-

937 1278 1013 1338 mus,
1037 1270 1131 1326 iterum
1159 1274 1186 1327 iu
1212 1272 1311 1328 iumine
1333 1274 1561 1341 conversabimur,
1588 1277 1732 1335 secundans

937 1362 1070 1435 irqiaiium
1104 1362 1365 1438 multipiicotionem,
1395 1377 1522 1438 quantum
1553 1368 1588 1423 od
1615 1368 1732 1429 malitiae

938 1471 1100 1520 retonsarum,
1121 1455 1248 1511 bonorum
1267 1467 1362 1511 nutura
1377 1457 1538 1511 abundastis.
1553 1453 1655 1511 dierum
1671 1473 1732 1526 erqo

938 1546 1095 1616 praeradians,
1117 1547 1213 1600 iterum
1236 1563 1312 1601 onena
1335 1545 1401 1601 iiiud
1424 1547 1541 1617 tiquam,
1562 1546 1732 1618 quodetiam

938 1639 1005 1694 uitae
1019 1650 1056 1693 est
1073 1638 1183 1711 iiqnum,
1204 1640 1298 1692 iterum
1317 1638 1439 1709 imaqitn's
1460 1639 1548 1708 qratia
1568 1646 1592 1692 et
1611 1637 1733 1708 principii

939 1724 1065 1800 diqrritus.
1087 1728 1291 1796 buiruatiuerte,
1308 1744 1389 1799 quant
1403 1727 1476 1782 ciore
1489 1737 1517 1783 ct
1538 1727 1733 1783 rationabiiiter

939 1828 966 1875 et
990 1816 1174 1876 indubitanter
1195 1819 1314 1874 astruit:
1336 1819 1455 1890 primunt
1472 1817 1582 1888 quidem
1604 1815 1735 1889 maiitiam

940 1928 993 1966 non
1006 1927 1085 1982 posse
1099 1928 1158 1967 esse
1173 1920 1341 1983 perpetuant,
1358 1908 1403 1965 sed
1419 1925 1452 1965 ex
1466 1911 1629 1966 necessitate
1643 1924 1735 1964 rerum

77 2002 156 2067 ritts,
169 2012 247 2072 qtram
260 2000 331 2071 qnasi
345 2016 446 2071 semper
462 1998 585 2054 simiiiter
602 2016 630 2054 se
648 1998 736 2065 babet,
761 2008 838 2069 utque
859 1999 886 2054 in
902 2005 924 2065 Β
940 1999 972 2057 ati
988 2012 1091 2057 certum
1109 2000 1253 2056 turturinum
1272 2009 1473 2071 peruenturam,
1493 2008 1520 2055 et
1536 1999 1698 2070 quantisque
1710 1996 1735 2030 ⁸⁸

76 2094 157 2149 burto
170 2094 252 2163 fisum
275 2100 313 2147 est
327 2092 348 2146 ⁸.
364 2088 461 2147 Nam·
485 2092 601 2146 diuinum
615 2090 719 2164 quidem
745 2092 884 2146 consiiium

76 2196 191 2253 semper
204 2180 253 2237 ei’
275 2182 437 2237 immutabiie
465 2170 582 2253 ubique⁸
598 2199 625 2238 re
641 2185 652 2219 ⁹
674 2180 749 2238 itabat
762 2196 771 2234 .·
783 2198 887 2237 cont-er·

78 2272 167 2329 tibiie
183 2278 270 2327 uatem
285 2282 390 2328 nostrae
401 2282 511 2328 naturae
527 2286 579 2329 nort
594 2275 621 2329 in
644 2272 714 2329 maio
733 2275 815 2345 fisum
831 2293 888 2330 oro-

78 2372 141 2418 net.
163 2362 239 2430 Quasi
260 2363 328 2418 enim
348 2378 448 2434 semper
465 2365 570 2419 onrnino
588 2374 723 2431 mouetur,
739 2366 763 2420 si
780 2360 885 2436 qnidam

78 2452 121 2506 ati
139 2454 237 2512 bonurn
252 2454 441 2523 processionem
451 2452 582 2519 babuerit,
594 2465 700 2526 propter
710 2456 884 2511 eximietatem

80 2546 127 2600 rei
148 2544 336 2617 perquirendae
360 2558 494 2617 nunquam
510 2540 609 2601 desinet
629 2547 661 2600 ab
679 2542 746 2617 ipso,
762 2547 807 2619 qui
824 2565 886 2601 sur·

78 2652 150 2691 sum
165 2644 213 2702 est,
229 2642 324 2692 mauis.
341 2630 478 2693 Nonenint
492 2639 603 2694 intumet
615 2640 753 2694 terminum
763 2640 885 2711 quaesiti,

78 2734 134 2804 qui
146 2730 172 2766 ¹⁰
183 2731 354 2786 nanciscentis
366 2729 521 2786 arabtttraitr
542 2748 656 2803 anquam
670 2740 778 2787 motum.
800 2732 848 2789 Sin
865 2732 886 2768 ¹¹

80 2824 122 2877 nai
135 2820 176 2890 id,
187 2820 258 2892 qnod
272 2822 432 2878 eontrarium
443 2831 491 2887 est,
505 2833 603 2878 motum
615 2825 637 2856 aa
648 2824 800 2896 sussceperit,
811 2824 855 2879 abi
865 2824 887 2857 ¹¹

81 2928 195 2969 carnum
210 2914 328 2969 maiitiue
352 2916 490 2985 pereqerit,
503 2922 527 2969 et
547 2912 575 2970 in
591 2915 805 2971 sribiimissirnum
823 2910 888 2971 artuii

82 3020 240 3062 arenearum
250 3005 395 3076 peruenerit
411 3021 420 3061 :
434 3015 496 3061 tunc
505 3006 576 3077 quod
593 3024 694 3079 senrper
708 3008 805 3080 impetu
829 3026 887 3063 rno-

81 3098 291 3166 vetustatibus
315 3112 348 3153 ea
374 3104 471 3153 notura
494 3102 592 3153 statum
616 3096 758 3167 inveniens,
782 3117 841 3155 curat
865 3098 887 3132 ¹⁸

80 3191 215 3261 spatium,
226 3186 297 3262 qaod
308 3193 337 3246 in
356 3186 460 3245 nuttrta
475 3200 521 3258 eat,
533 3200 713 3248 transcursum
734 3192 887 3263 puerinse·

82 3282 205 3339 eundum
218 3284 396 3340 necessitatem
415 3283 450 3338 ud
466 3280 488 3317 ¹⁸
503 3282 597 3339 bonnm
621 3283 747 3340 conuertit
774 3291 883 3339 motum.

941 2088 1090 2147 desituram
1099 2093 1132 2147 ¹⁸.
1145 2090 1251 2147 Sieuim
1260 2090 1475 2160 diviuabonitas,
1484 2106 1554 2163 quae
1566 2106 1735 2163 sempernou

939 2178 1025 2237 soium
1039 2182 1067 2237 in
1089 2182 1177 2248 bonis,
1199 2196 1292 2236 rerunt
1311 2180 1393 2236 etiarn
1409 2180 1436 2237 iu
1457 2180 1535 2236 maiis
1555 2181 1625 2236 bene
1638 2196 1735 2252 opera·

940 2279 993 2340 tur,
1014 2282 1123 2328 aeterna
1148 2281 1176 2327 et
1189 2271 1292 2327 infinita
1308 2282 1349 2327 cst
1363 2271 1397 2341 ¹⁸,
1415 2271 1583 2327 contrarium
1599 2270 1658 2341 ejus
1682 2286 1733 2328 ne·

938 2364 1058 2420 cessario
1095 2381 1148 2419 non
1178 2364 1230 2420 erit
1262 2373 1401 2420 aeternum
1435 2372 1463 2419 et
1490 2363 1649 2433 irrituitum3
1669 2365 1735 2421 aiio·

937 2452 1002 2528 quin
1030 2472 1084 2511 nou
1098 2455 1151 2511 erit
1165 2455 1345 2520 contrarium,
1367 2469 1417 2510 uec
1433 2470 1466 2510 ex
1492 2455 1600 2511 diuersa
1614 2458 1636 2489 ¹¹
1656 2463 1736 2526 parto

937 2548 1102 2619 oppositum.
1134 2544 1251 2603 aeterna
1280 2538 1431 2618 siquidem,
1455 2548 1579 2619 quamuis
1605 2545 1737 2619 qualitate

938 2637 1116 2708 discrepant,
1144 2638 1201 2694 soia
1232 2637 1402 2693 aeternitatis
1433 2638 1600 2710 aeqoaiitate
1627 2639 1737 2697 sibimet

937 2732 1113 2785 conueniunt.
1133 2729 1229 2784 Divitia
1252 2745 1371 2800 namque
1393 2729 1481 2801 pietas
1503 2740 1584 2801 atque
1603 2732 1736 2788 severitas

938 2819 1070 2890 qualitate
1084 2820 1236 2885 dissonant,
1261 2820 1323 2875 tium
1344 2835 1396 2874 rana
1419 2818 1516 2875 delicta
1536 2821 1625 2892 punit,
1649 2820 1735 2876 aitera

938 2904 1060 2980 intiniget
1077 2926 1083 2963 :
1100 2906 1195 2965 autbae
1212 2896 1300 2964 taurea
1320 2912 1448 2964 aeternae
1469 2920 1540 2965 suut.
1559 2908 1671 2965 Diuinae
1687 2925 1735 2966 au·

939 3011 993 3057 tem
1021 3001 1135 3056 bonitati
1164 2994 1267 3057 maitrta
1301 3001 1412 3057 omnino
1445 3003 1601 3073 opponitur.
1632 3000 1735 3058 biaiitia

938 3092 1029 3162 itaque
1041 3090 1301 3147 consummationem
1318 3090 1444 3161 accipiet,
1461 3099 1488 3147 et
1502 3092 1528 3147 iu
1547 3090 1619 3151 uuiia
1637 3101 1737 3149 natura

938 3184 1102 3250 remanebit,
1124 3182 1251 3257 qnoniam
1274 3185 1301 3240 in
1322 3184 1449 3241 omnibus
1468 3184 1576 3241 bouitas
1595 3184 1686 3241 diuina
1706 3191 1736 3243 et

937 3282 1094 3353 operabitur
1105 3290 1132 3338 et
1144 3281 1294 3353 apparebit.
1302 3281 1341 3337 rie
1357 3295 1404 3353 per
1416 3280 1466 3338 itoc
1478 3292 1603 3340 naturam
1614 3290 1734 3348 nostram

83 3374 164 3432 Num
184 3371 248 3430 duur
261 3377 363 3432 matitia
388 3377 416 3434 in
433 3374 567 3446 infinitum
588 3394 639 3432 aon
658 3377 824 3452 proqreditm
845 3375 884 3445 ¹⁰,
899 3387 922 3449 c
938 3394 990 3434 nou
1002 3393 1063 3435 esse
1078 3375 1103 3432 ia
1119 3374 1189 3432 maio
1201 3359 1668 3448 iixaunue'e'iu’tmatnessascurper
1681 3393 1736 3438 rna

81 3468 138 3525 aed
155 3468 310 3524 necessariis
328 3463 422 3538 tinibus
442 3470 680 3541 comprehenditur,
698 3477 885 3540 consequenter

82 3559 152 3614 boni
172 3560 304 3614 successio
316 3555 393 3629 finem
415 3559 531 3616 maiitiue
553 3559 828 3633 exequuturum
845 3560 885 3615 di-

82 3665 160 3705 ctum
170 3657 220 3716 est,
233 3645 437 3721 seraper-mobile
451 3655 556 3705 nostroe
569 3661 678 3706 naturae
692 3650 783 3706 uitirno
798 3667 885 3707 recur-

83 3753 123 3798 ret
144 3741 173 3798 ia
188 3743 283 3797 bonurn
298 3743 365 3798 aiom
381 3742 415 3809 ¹¹,
428 3741 491 3797 dunt
505 3760 538 3797 ea
552 3744 679 3798 anemoria
703 3744 820 3814 priorum
844 3745 886 3800 in·

84 3833 246 3903 {eiicitutum
258 3829 412 3903 cusiiqatun
424 3849 456 3887 ne
466 3833 493 3887 in
503 3831 625 3904 aequales
638 3831 734 3888 recidat
743 3827 775 3889 ¹⁸0
785 3829 885 3890 Rursus

84 3924 172 3995 iqitur
183 3923 232 3977 erit
245 3921 270 3955 ¹⁸
285 3921 359 3978 nobis
377 3940 469 3978 cursus
483 3934 511 3979 m
536 3923 619 3990 bonis,
643 3942 673 3979 eo
696 3922 765 3996 quod
788 3921 886 3996 p‘rriius

87 4012 244 4069 necessariis
256 4011 373 4069 maiitioe
384 4024 480 4068 nutura
494 4009 760 4070 rirearuterminatm.
772 4007 806 4068 Ut
815 4016 884 4069 enim

86 4105 253 4177 superiorum
266 4105 344 4176 periti
355 4104 378 4137 ¹⁰
397 4103 504 4161 inmirtit
524 4102 630 4178 quidem
643 4123 745 4161 urrtnem
756 4105 884 4162 mandunt

85 4195 197 4269 pienum
211 4212 267 4251 esse
280 4194 383 4262 dieunt,
394 4193 512 4253 tenebras
528 4213 587 4251 uero
608 4198 770 4268 oppositione
787 4193 884 4253 terreni

86 4285 209 4356 corporis
227 4283 453 4341 obuotbrotiouem
473 4288 634 4358 fieriquum
648 4287 753 4358 quidem
778 4305 795 4340 u
818 4287 883 4342 soiis

86 4379 174 4432 radiis
200 4386 307 4448 oterqo
327 4379 469 4434 arcaturiam
496 4375 610 4449 semrom
637 4378 744 4433 rotandi
766 4377 883 4446 corporis

86 4469 184 4522 umbra
213 4468 298 4525 inetur
314 4471 373 4524 coni
393 4467 533 4525 claudatur
550 4471 595 4538 ¹¹,·
621 4469 661 4526 soi
693 4472 761 4528 enirn
793 4467 883 4526 mniti-

87 4557 196 4627 piicitcr
228 4560 407 4632 moquitudiue
440 4570 535 4616 terram
575 4579 727 4635 superans,
759 4562 885 4636 iiioutque

937 3465 993 3523 iitia
1003 3461 1150 3542 detentari»,
1165 3468 1212 3522 seri
1227 3467 1260 3522 ati
1272 3469 1372 3524 bouum
1384 3467 1460 3522 buito
1472 3467 1546 3523 unani
1555 3467 1626 3523 triuio
1643 3482 1734 3524 rouer-

938 3577 1042 3629 suram,
1059 3561 1198 3634 praeimus
1220 3569 1314 3624 artetur
1329 3561 1437 3618 asserit.
1453 3561 1616 3618 sicutenim
1638 3562 1735 3624 rrrnbra

939 3660 1038 3716 terrae,
1053 3671 1134 3736 quatu
1151 3664 1257 3712 noctem
1271 3653 1416 3725 appciiant,
1433 3647 1461 3709 in
1482 3652 1554 3708 aeris
1568 3661 1596 3708 at
1616 3652 1735 3710 aetheris

940 3744 1026 3815 spatia
1040 3759 1089 3816 per
1111 3744 1246 3799 intiniturn
1267 3758 1320 3798 nou
1339 3735 1495 3814 porrigitur,
1512 3742 1559 3796 sed
1579 3741 1648 3798 intra
1668 3757 1735 3796 cerr·

941 3846 997 3892 tutn
1011 3837 1107 3907 rigirtti
1120 3837 1141 3875 ¹⁸
1152 3849 1200 3892 ses
1217 3836 1299 3894 miliia
1316 3835 1477 3898 stadiorum,
1496 3841 1527 3888 ut
1545 3833 1653 3903 physici,
1673 3848 1735 3902 per·

939 3927 1047 3993 bibent,
1069 3928 1254 3982 coartantibus
1274 3939 1335 3982 earu
1354 3923 1472 3994 urrtiiqno
1495 3921 1630 3982 soitrribus
1651 3920 1735 3982 radiis

939 4018 1011 4073 circs
1029 4027 1129 4073 terrant
1144 4016 1258 4081 biiiusis,
1275 4015 1363 4071 instar
1376 4014 1437 4071 coni
1452 4013 1635 4079 acuminatur,
1653 4013 1690 4068 ita
1705 4019 1735 4070 ut

938 4106 1046 4180 penitus
1067 4107 1176 4163 ‹icbciat
1193 4126 1200 4163 ι
1217 4108 1257 4164 sie
1275 4106 1394 4173 ruaiitia,
1410 4121 1482 4180 quae
1502 4105 1585 4163 ueluti
1600 4106 1734 4177 quaedam

937 4201 1032 4256 umbra
1053 4200 1214 4258 delictorum
1231 4208 1388 4257 nostrorum
1412 4210 1532 4256 nostram
1551 4207 1667 4268 ocettpat
1685 4213 1736 4256 ua·

938 4302 1037 4358 turum,
1063 4292 1227 4348 abundantia
1252 4307 1385 4362 supernae
1407 4302 1588 4362 aeternaeque
1604 4292 1627 4324 ¹⁹
1651 4289 1730 4344 borri-

938 4385 1001 4440 tatis
1021 4384 1198 4450 coartabitur,
1211 4392 1240 4439 et
1260 4384 1371 4440 ommno
1392 4383 1560 4447 abolebitur,
1580 4382 1644 4438 dum
1661 4380 1734 4440 irra-

939 4468 1080 4530 tionabiies
1101 4475 1237 4530 barattanae
1259 4475 1367 4530 animae
1393 4482 1482 4530 motus
1504 4472 1537 4528 ati
1559 4468 1734 4529 rationabiles

938 4566 1061 4622 veritatis
1084 4565 1198 4624 aiieetus
1219 4574 1412 4624 convertentur
1433 4578 1458 4624 ι.
1485 4563 1588 4622 Deinde
1611 4571 1733 4620 nostrata

735 4711 863 4772 venibit
882 4716 1084 4774 taurianas.

124 4843 327 4921 narranaam.
363 4849 578 4921 ’spermissum
616 4849 685 4905 ’Sic
697 4847 738 4904 CF
751 4848 878 4904 uicesimo
891 4849 1135 4920 etrubmeasiuro
1147 4849 1242 4920 primo.
1281 4848 1624 4921 ‘bsicastisrtirinqsis
1666 4845 1732 4904 'Cb‘

88 4933 170 4990 quarn
185 4920 257 4989 quod
271 4929 378 4991 semper
389 4921 510 4975 similiter
523 4915 598 4974 nuber
611 4921 638 4974 in
653 4919 719 4973 bono
729 4919 838 4989 sacietas.
877 4918 946 4974 ‘CF
961 4917 1023 4974 Sed.
1061 4913 1227 4990 'CFutqne
1276 4918 1633 5044 ⁸CFuiiqueimrnutobiie.
1678 4922 1732 4974 'se

88 4990 210 5044 tarsacii.
249 4989 737 5063 ⁸·Prnqaib‘b'nibiiuonnsseentis.
775 4992 796 5023 ¹¹
808 4988 960 5061 cumque.
1001 4987 1071 5044 ''Cii
1084 5000 1254 5044 momentum.
1293 4989 1398 5060 “prou

1418 4989 1620 5045 taratantara.
1660 4988 1732 5044 ”CF

88 5065 165 5114 rittru.
207 5060 282 5120 ”CF
295 5063 333 5116 in.
370 5061 650 5131 “cip-aquatum.
690 5059 763 5115 ”CF
777 5070 885 5116 nostrae
897 5068 1011 5116 naturas
1021 5063 1115 5115 iterum
1129 5060 1240 5130 firmiter
1251 5061 1278 5117 in
1294 5061 1388 5114 bonam
1403 5069 1516 5115 recurret
1531 5061 1609 5114 oium.
1648 5054 1670 5091 ¹⁸
1687 5058 1731 5115 CF

88 5132 154 5183 rium
167 5145 200 5185 es
213 5134 339 5188 tutetuoriu
355 5133 473 5202 priorum
488 5131 669 5185 ettiumitoturn
684 5130 718 5184 ud
729 5129 865 5184 esserrdunt
877 5132 969 5186 iterum
980 5132 1007 5185 in
1017 5132 1058 5186 iris
1068 5147 1136 5203 qaue
1147 5141 1217 5186 recto
1226 5142 1298 5196 sunt,
1310 5134 1493 5202 compescitur.
1532 5131 1553 5163 ¹⁹
1567 5131 1620 5185 Pro
1631 5127 1731 5183 aarum

89 5201 171 5270 iqitnr
182 5200 230 5254 erit
243 5197 285 5256 CF
298 5193 360 5257 Non
371 5215 432 5272 erqo
443 5203 546 5255 iterum.
584 5198 1305 5270 ”CFUtenimquiuetireriusupinntspotioiurninis
1336 5202 1491 5260 utacucu.
1539 5200 1618 5256 ‘'Gi‘'
1635 5201 1731 5254 obant-

91 5270 244 5325 bratiouem
263 5271 332 5327 iistis
349 5272 403 5328 Seri
421 5273 470 5326 boc
481 5270 585 5342 quidem
599 5285 645 5341 per
667 5271 780 5340 fiqrtrtrm
795 5269 994 5340 spbueriformis
1011 5272 1127 5341 eorporis
1142 5271 1278 5327 considero
1288 5219 1370 5327 sudori
1384 5272 1458 5326 rudia
1474 5272 1533 5324 coni
1545 5270 1658 5350 fiquram
1669 5285 1731 5320 ron·

90 5339 221 5395 riadertte.
259 5343 281 5374 ¹¹
297 5341 339 5397 CF
354 5341 441 5399 Sciam
455 5357 513 5395 uero
524 5341 708 5423 multiplieiter
721 5341 903 5422 maqnitmiiue
924 5349 1023 5396 terram
1038 5356 1163 5410 superare
1178 5343 1291 5412 urtdt'qttc
1306 5344 1388 5412 iprum
1406 5342 1487 5395 radiis
1503 5341 1530 5394 in
1543 5343 1600 5406 qrro
1618 5352 1732 5405 compre·

91 5411 217 5476 bendere,
231 5412 258 5465 in
271 5413 428 5466 summitate
439 5411 500 5478 coni
511 5425 704 5467 cortannssuras
717 5412 825 5464 iunttnis
837 5408 994 5481 capsitano,
1010 5411 1047 5463 itu
1062 5415 1088 5462 ut
1096 5412 1244 5465 seeundum
1255 5413 1387 5466 materiem
1399 5412 1421 5464 si
1433 5411 1507 5464 tieret
1519 5409 1633 5478 cuipiam
1644 5407 1731 5462 virtus

90 5482 307 5552 transgrediendi
328 5497 495 5548 meustuam,
518 5482 543 5533 'o
567 5497 648 5551 qnam
674 5480 939 5534 rtntbruesteuditur.
980 5478 1060 5535 ”CF
1084 5480 1167 5604 iqqdii
1201 5497 1237 5538 re.
1285 5481 1369 5536 usic
1389 5479 1447 5546 cm
1470 5479 1728 5550 squamosusque.

90 5549 114 5586 ²¹
128 5547 174 5606 sn
191 5550 252 5618 qp3
270 5551 477 5623 aerianorum.
529 5550 539 5581 ⁸
554 5543 576 5605 Δ
595 5561 705 5607 aeterna
721 5557 759 5606 est
776 5559 803 5605 ei
825 5541 939 5605 inbuite.
977 5547 999 5583 ¹¹
1014 5547 1097 5608 Sisi]

91 5621 113 5658 ⁸⁰
133 5621 155 5673 tt
172 5631 197 5676 et
219 5631 357 5679 aeternae.

1128 5567 1136 5616 ;
1203 5549 1323 5628 odoqrru.
1360 5546 1383 5583 ‘⁸
1404 5549 1428 5605 Α
1449 5557 1558 5610 cautum
1579 5558 1604 5604 et
1624 5547 1729 5618 tiqirtti.

847 5681 972 5748 NOTAE.

127 5782 210 5849 ⁸Es‚
240 5800 310 5856 quae
329 5785 448 5842 ioannes
476 5783 573 5842 Scotus
593 5783 653 5871 jarq
682 5785 716 5843 de
738 5777 883 5844 abolitione

938 5784 1089 5842 eatboiicaa
1103 5786 1214 5842 omuino
1227 5799 1386 5858 repugnare,
1400 5783 1445 5837 rix
1465 5790 1517 5848 est,
1534 5785 1607 5854 qaod
1619 5795 1732 5842 monoa-

94 5854 155 5908 maii
183 5855 270 5926 deque
296 5857 390 5928 poenis
419 5871 451 5912 ao
477 5856 615 5926 supplicius
644 5853 802 5928 impioram,
827 5858 883 5912 sire
937 5873 1006 5910 mars.
1028 5856 1070 5912 Gi.
1094 5857 1126 5910 de
1141 5854 1245 5912 iosuae
1268 5855 1351 5913 Sooto
1367 5855 1629 5916 Commentationum
1648 5854 1679 5913 P.
1696 5855 1730 5928 it,

93 5922 243 5992 bominum,
266 5927 323 5984 sire
340 5928 511 5997 daemonum,
533 5935 585 5984 cet.
612 5928 747 6006 disputat,
772 5927 882 5986 raritati
936 5925 1247 6006 retransmittat
1264 5926 1307 5988 ta.
