4167 6625
83 354 131 419 rur
498 347 545 406 ue
562 343 734 408 ornsrons
750 342 928 405 utrumn.
944 370 981 388 ·-
996 338 1101 402 tmen
1118 339 1281 400 rnnrrns.
1452 318 1473 329 ”
1653 336 1707 398 no

82 466 215 531 mnniter
227 468 316 523 creata
328 469 382 532 cst,
398 462 428 520 iu
442 462 545 523 formas
558 471 587 521 et
600 464 704 535 specics
716 462 858 521 sensibiles
870 468 898 529 Α
910 462 945 519 ab
964 457 1128 517 immutabili
1152 454 1373 516 substantialium
1393 455 1544 514 formarum
1558 453 1707 526 soliditate,

81 577 126 637 per
135 554 329 632 generationem
343 555 571 626 procerandum
584 554 724 627 processio
740 554 858 625 primur·
909 567 1043 625 uquarum
1057 550 1276 624 congregatione,
1292 557 1437 620 terraeque
1450 548 1622 621 apparitione
1628 545 1707 605 divi·

81 651 179 711 dialium
190 661 329 703 musarum
350 645 504 705 ineffectus
519 663 583 705 suos
594 647 771 719 sequentibus
785 647 861 705 Scri·
910 659 973 700 nam
984 641 1155 714 Scripturam
1168 641 1321 698 insinuasse
1335 639 1459 696 arbitrati
1469 653 1574 695 sumus.
1586 636 1643 694 Neo
1655 637 1707 696 im·

79 737 261 817 pturtererbis
273 735 434 809 explanatur
445 755 453 793 a
466 737 612 808 stracten
626 746 664 796 eat
678 738 732 804 ita,
754 746 779 794 et
799 754 862 809 pro·
909 720 1158 807 merito„quoniam
1169 732 1406 819 frequentissimus
1416 732 1569 788 divinorum
1586 729 1712 822 eloquis:

80 832 132 889 tulit
144 840 209 888 terro
220 828 327 885 laertem
342 828 474 895 uirentem,
487 839 514 886 et
530 831 656 902 [nentem
676 846 764 887 remen
778 829 860 901 juxta
911 841 972 883 rum
980 841 1046 882 usus
1057 832 1110 891 est,
1119 824 1266 881 visibilium
1280 838 1371 880 rernm
1381 820 1569 893 signillcatiris
1581 821 1708 891 vocibus,

78 938 253 997 pontuert,
268 919 420 993 lignumque
435 920 534 991 facim
557 921 693 993 furtum,
718 930 742 977 et
763 921 860 978 labent
910 915 1086 974 invisibilium
1099 929 1191 972 rernm
1212 912 1352 971 naturales
1364 910 1554 969 subsistentias
1574 912 1708 969 rationes-

80 1011 367 1085 rnnrtqncdqttexenten
387 1012 531 1068 ueroeam
541 1014 652 1084 aperient
666 1030 752 1068 ruunt.
766 1011 861 1070 Vides·
910 1022 963 1080 qne
983 1007 1019 1064 ad
1041 1006 1264 1064 exercitationem
1286 1007 1330 1079 pie
1348 1005 1597 1077 philosophantium
1619 1005 1707 1077 signi·

62 1122 108 1187 ¹nc
119 1103 363 1193 ,quemadmodum
377 1082 469 1160 din'ina
482 1103 623 1175 Scriptura
640 1118 741 1177 genera
755 1111 785 1161 et
796 1118 860 1176 spe·
911 1103 1003 1159 ficare.
1018 1101 1206 1197 llecmtrum,
1226 1117 1288 1159 cnm
1298 1092 1461 1174 'saepissime
1482 1099 1664 1173 spiritualium
1679 1108 1709 1156 et

58 1198 129 1255 ¹eies
145 1192 364 1253 manifestissime
384 1194 522 1253 declarati
546 1194 576 1253 ln
598 1195 697 1268 quibus
716 1195 861 1253 causaliter
910 1194 1087 1252 invisibilium
1117 1209 1210 1251 rerum
1237 1194 1393 1251 nominibus
1416 1192 1570 1264 corporales
1594 1191 1710 1250 sensibi-

75 1283 276 1344 etinvisibiliter
290 1282 460 1351 subsistunt,
482 1298 660 1357 quaecunque
682 1299 732 1356 per
745 1298 860 1356 genera·
911 1287 1004 1359 lesque
1029 1297 1170 1346 assuescat
1193 1289 1316 1346 innuere.
1340 1283 1603 1367 Cuiusxrceiprocae
1625 1294 1710 1343 meta·

75 1378 165 1436 men
178 1376 205 1434 in
226 1374 428 1448 quantitatibus
440 1383 469 1432 et
489 1375 668 1447 qualitatibus
687 1376 714 1433 in
735 1376 861 1439 notitiam
911 1377 1014 1448 plrorae
1035 1378 1100 1435 dum
1113 1387 1177 1437 sunt
1192 1378 1214 1410 ¹¹
1229 1378 1314 1435 multa
1338 1376 1462 1448 exempla
1476 1386 1504 1433 et
1522 1377 1708 1435 innumerabi-

74 1469 242 1543 eorporalinm
259 1483 390 1527 sensuum
414 1476 562 1539 erumpunt
576 1469 597 1522 ¹.
612 1468 641 1524 Si
656 1468 700 1524 oui
714 1477 805 1525 autem
817 1466 860 1523 ri·
911 1467 960 1535 lia,
972 1469 1109 1539 praesenti
1124 1469 1233 1541 negotio
1245 1467 1401 1534 cumulare,
1425 1466 1605 1539 omnibusque
1626 1466 1654 1522 in
1669 1465 1711 1523 dl·

74 1561 238 1635 relinquor
262 1560 317 1617 ista
330 1559 589 1631 exphnatic,quam
600 1558 753 1615 detribus¹
766 1559 862 1630 primis
912 1558 976 1616 rina
994 1558 1135 1630 Scriptura
1152 1558 1310 1615 exercitatis
1334 1556 1572 1624 manifestissima,
1599 1556 1710 1627 longum

73 1653 160 1713 diebus
168 1652 245 1725 juxta
261 1652 337 1708 uires
351 1650 510 1707 intentionis
524 1659 634 1707 nostrae
657 1649 668 1682 ¹
689 1648 861 1722 protulimus,
913 1648 1021 1705 uidetur
1034 1657 1117 1720 atque
1132 1647 1154 1681 ¹¹
1169 1645 1352 1719 superfluum
1366 1645 1461 1716 paucis
1476 1653 1565 1700 tanuen
1578 1643 1711 1716 exemplis

72 1758 121 1803 butt
142 1741 289 1800 seeundum
317 1739 460 1797 historiam
484 1738 538 1807 sit,
554 1740 602 1796 sed
624 1740 774 1796 secundum
789 1740 862 1812 leges
912 1750 1031 1798 ummur.
1046 1739 1124 1808 Quor
1138 1730 1230 1797 nolunt
1242 1749 1426 1806 mteecnrrre,
1441 1738 1710 1805 conuertentem

70 1831 217 1906 allegorim
232 1832 355 1888 intentus
373 1828 522 1902 prospiciat
546 1829 558 1861 ¹
578 1828 791 1901 quadriformem
814 1844 860 1887 so·
874 1838 899 1902 Β
911 1833 994 1890 bomo
1006 1832 1133 1905 originali
1145 1842 1258 1904 peccato
1270 1846 1386 1889 nascens
1398 1831 1489 1888 carnis
1507 1831 1617 1887 nomine
1628 1845 1711 1889 roca-

70 1922 145 1999 pbiae
159 1921 328 1981 divisionem.
913 1933 973 1992 tura
986 1934 1015 1981 et
1028 1925 1098 1996 quoti
1113 1932 1204 1979 uotum
1217 1935 1257 1978 ert
1280 1939 1312 1979 en
1324 1923 1430 1993 spiritu,
1444 1922 1553 1994 spiritur
1576 1931 1625 1989 est,
1638 1930 1713 1981 totus

101 2012 147 2073 ὓ.
166 2013 254 2069 litest
277 2010 387 2083 quidem
410 2010 497 2083 prima
522 2014 670 2085 πρακτική,
693 2009 799 2075 activa.
818 2024 862 2068 se·
912 2017 995 2073 bonro
1009 2031 1042 2073 ex
1065 2013 1271 2087 regeneratione
1286 2011 1313 2069 in
1336 2012 1447 2069 Christo
1468 2027 1615 2070 renascens
1629 2028 1712 2071 vocs·

69 2103 158 2163 cunda
170 2106 272 2177 φυσική,
285 2100 427 2169 naturalis,
442 2101 523 2157 tertia
536 2102 657 2175 θιοληία,
672 2116 743 2173 qnae
757 2100 791 2157 de
805 2101 861 2159 beo
912 2107 1104 2179 bulmspiritus
1114 2105 1287 2178 exprimitur.
1299 2104 1334 2161 Et
1347 2105 1371 2163 si
1385 2106 1448 2177 quis
1460 2106 1573 2171 dixerit,
1596 2122 1651 2164 non
1668 2117 1712 2164 tc·

70 2194 197 2268 disputat,
219 2201 316 2264 quarta
335 2193 437 2266 layum,
461 2190 617 2260 rationalis,
644 2206 714 2263 quse
730 2192 859 2258 ostendit,
913 2207 956 2257 tus
973 2201 1055 2256 bomo
1066 2213 1100 2255 ex
1117 2213 1200 2255 carne
1214 2197 1347 2261 nascitur,
1362 2197 1410 2254 sed
1421 2197 1477 2255 sola
1492 2198 1613 2254 bominis
1632 2213 1714 2269 caro,-

70 2285 162 2358 quibus
176 2282 276 2357 regulis
285 2283 321 2341 de
333 2297 496 2355 unaquaque
507 2284 588 2340 trium
596 2283 711 2341 aliarum
725 2284 861 2356 soplriae¹
912 2291 1082 2364 respondebo
1096 2309 1103 2346 :
1119 2306 1174 2347 non
1189 2290 1273 2369 tginn*
1283 2298 1356 2346 totns
1370 2290 1452 2346 Annio
1462 2305 1497 2347 ex
1510 2290 1607 2362 spiritu
1621 2291 1712 2349 nasci·

70 2377 179 2451 partium
193 2376 397 2448 disputandum.
413 2376 534 2446 Quarum
554 2392 608 2433 una
624 2376 750 2445 uirtutes,
762 2378 861 2450 quibus
913 2390 968 2449 tur,
989 2380 1038 2437 sed
1053 2379 1111 2437 sola
1133 2380 1234 2436 anima.
1250 2379 1285 2437 Et
1301 2379 1325 2437 si
1349 2379 1386 2436 ita
1404 2388 1456 2447 est,
1472 2380 1606 2451 sequitur,
1623 2381 1711 2454 gratia

71 2466 269 2542 supplantantur
279 2467 359 2536 vitia,
371 2468 535 2540 penitusque
547 2468 732 2537 eradicantur,
747 2470 861 2527 investi·
911 2472 1083 2545 baptismatis
1107 2472 1267 2545 corporibus
1289 2486 1345 2529 non
1374 2472 1485 2543 prodest
1508 2472 1539 2528 ¹¹.
1567 2470 1596 2529 st
1619 2480 1712 2529 antem

71 2566 130 2635 grt;
143 2558 225 2616 altera
239 2558 366 2615 rationes
382 2566 553 2625 naturarum,
572 2560 631 2617 sive
647 2560 675 2617 in
689 2562 788 2628 causis,
803 2562 862 2620 sive
912 2574 986 2623 totus
998 2566 1096 2634 bomo,
1120 2566 1211 2622 animo
1234 2564 1361 2651 videlicet
1382 2573 1409 2622 et
1433 2580 1545 2639 corpus,
1560 2565 1587 2622 in
1602 2564 1713 2624 Christo

71 2648 96 2709 iu
109 2649 265 2721 edccdbus3
282 2650 364 2708 tertia
387 2651 453 2722 quid
476 2652 488 2684 ¹
512 2651 546 2709 de
559 2667 614 2708 nna
630 2653 752 2711 omnium
767 2669 860 2723 causa,
912 2657 1082 2725 mouscitur,
1107 2666 1136 2714 et
1162 2657 1274 2729 spiritus
1299 2656 1426 2725 edicitur,
1453 2658 1609 2721 necessario
1639 2668 1713 2717 totns

72 2755 134 2813 tim
142 2740 212 2799 ⁰0⁰⁸
223 2749 287 2810 0⁸¹·
310 2741 355 2812 pie
369 2741 467 2798 (libell
484 2742 642 2809 milliari:
663 2745 798 2815 quomedo
812 2761 861 2801 ³¹1·
912 2751 994 2808 bomo
1014 2751 1041 2806 in
1055 2751 1142 2808 Adam
1162 2752 1184 2809 ¹¹
1197 2766 1231 2808 ex
1246 2766 1328 2809 cartre
1344 2751 1475 2820 nascitnr,
1491 2760 1519 2808 et
1529 2767 1594 2809 caro
1605 2760 1655 2809 est
1670 2750 1713 2809 Ac

73 2836 267 2906 mollities,
281 2843 429 2902 einaim,
445 2837 555 2894 ellicus
568 2835 766 2893 rationabiliter
778 2854 861 2909 qnae·
912 2844 953 2901 sic
967 2842 1157 2912 concluditur,
1181 2854 1210 2901 et
1231 2858 1341 2901 earnem
1367 2842 1496 2915 appellari
1515 2843 1660 2915 spiritum,
1683 2851 1713 2901 et

73 2928 146 2994 titur,
168 2936 285 2999 quilla,
312 2934 344 2982 ut
369 2925 502 2993 immuta
529 2928 634 2995 edwi,
664 2926 861 3000 diligenterque
912 2933 1037 3006 spiritum
1053 2948 1172 2992 earnem.
1189 2933 1308 2991 Verbum
1323 2933 1498 2990 lleivocatnr
1518 2948 1592 3002 caro,
1607 2941 1712 2991 etcaro

71 3022 225 3089 mosiderat,
236 3021 281 3078 cui
294 3020 499 3093 praedictarum
511 3020 624 3093 sophiae
635 3019 755 3091 partium
767 3034 862 3076 nerra·
897 3027 1087 3097 ‚rerbum,et
1111 3024 1228 3091 similia,
1250 3023 1394 3095 inquibus
1415 3024 1496 3081 sintul
1513 3018 1712 3098 et'emntage
1790 3074 1799 3088 .

72 3111 360 3170 lionemlbistcricam
384 3111 418 3167 de
431 3110 586 3168 conditione
609 3125 700 3168 rerum
713 3111 862 3184 adjungere
913 3116 1089 3189 intelligitur,
1118 3124 1147 3173 et
1169 3118 1309 3194 μεταφορὰ.
1332 3114 1392 3174 Nun
1426 3132 1491 3188 ergo
1524 3104 1713 3189 allegorizari.

72 3203 171 3261 debeat.
191 3203 227 3261 iit
241 3203 265 3260 si
280 3218 337 3260 non
358 3200 467 3273 penitus
490 3198 678 3274 philosophiae
689 3215 788 3272 expers
799 3192 976 3270 est‚Cmus
987 3208 1029 3275 ¹¹,
1052 3209 1115 3265 dum
1132 3209 1241 3265 nomine
1265 3208 1334 3264 lucis
1354 3207 1459 3279 specics
1480 3222 1571 3264 rerum
1592 3205 1714 3266 visibiles

71 3309 120 3352 non
134 3294 216 3351 atton
230 3293 285 3352 nisi
304 3294 433 3367 physicae
447 3292 640 3365 copulaturum
655 3293 678 3350 sl
694 3294 731 3349 tta
745 3301 797 3363 ost,
821 3294 865 3351 in·
914 3310 943 3358 et
967 3299 1165 3373 intelligibiles,
1197 3299 1372 3356 tenebrarum
1395 3313 1461 3356 vero
1481 3296 1712 3372 urgellensisfl

72 3395 186 3455 tueatur,
200 3388 276 3459 qnod
289 3402 306 3444 a
317 3387 395 3443 nobis
407 3386 552 3458 allegorice
563 3387 664 3443 dictum
671 3388 693 3455 ¹,
709 3394 746 3454 et,
760 3394 790 3442 ut
802 3388 862 3460 opi·
914 3404 1012 3448 causas
1024 3389 1233 3456 substantiales,
1251 3402 1360 3445 omnem
1376 3387 1486 3446 sensum
1499 3396 1527 3445 et
1545 3387 1713 3446 intellectum

72 3494 129 3549 nor,
161 3477 284 3536 inveniet
310 3475 333 3532 ¹.
357 3476 386 3532 ln
409 3477 495 3548 prima
524 3475 658 3548 siquidem
677 3476 721 3533 die
746 3476 864 3546 primor-
914 3490 1086 3552 superantes,
1102 3480 1130 3534 in
1150 3479 1343 3536 mentedirina
1358 3478 1713 3547 aeternalitersubstitutas,

72 3570 175 3629 &bum
191 3583 338 3628 cansarum
350 3566 512 3639 generaliter
526 3565 678 3624 ineffectus
696 3582 761 3624 suos
778 3568 866 3626 sensi·
915 3572 1035 3628 divinam
1061 3570 1230 3641 Scriptorum
1255 3569 1408 3627 insinuasse
1425 3568 1555 3638 diximus,
1580 3584 1713 3641 aquarum

72 3661 165 3721 bnsvcl
176 3661 362 3721 intellectibus
371 3658 643 3732 comprobenslbilem
650 3658 864 3730 processionem,
915 3670 1027 3729 vero,et
1039 3660 1232 3716 drruamcnti¹¹
1240 3660 1268 3717 in
1281 3661 1371 3718 medio
1384 3675 1516 3731 aquarum
1527 3660 1551 3693 ¹¹
1557 3660 1715 3732 symbolicis

74 3756 219 3814 conditione
233 3754 305 3812 lucis
318 3751 498 3825 significatam
510 3792 519 3819 ,
533 3751 661 3808 diximus.
684 3749 761 3819 Quod
774 3759 865 3807 autem
917 3752 1142 3826 appellationibus
1155 3751 1237 3822 lunius
1255 3752 1348 3808 mundi
1362 3750 1477 3808 visibilis
1492 3750 1626 3822 triplicem
1647 3751 1714 3807 sub·

74 3844 255 3919 primordiales
269 3832 371 3902 musae
382 3857 476 3900 rernm
489 3842 611 3899 omnium
626 3840 797 3898 substantiae
810 3841 866 3897 sint
916 3846 1096 3910 stitutionem,
1110 3844 1137 3898 iu
1152 3842 1242 3898 causis
1256 3841 1382 3898 videlicet
1398 3839 1543 3913 snis,fquas
1557 3839 1586 3895 S.
1599 3839 1715 3897 Ambro-

75 3934 199 3993 lndivina
213 3932 351 4008 sapientia
365 3932 539 4000 substitutae,
554 3932 630 3988 testis
643 3938 685 3988 est
705 3930 736 3987 S.
748 3930 866 3987 Ambro-
917 3937 975 3993 sius
998 3935 1158 3991 rubtlandus
1184 3947 1274 3989 rerunt
1297 3932 1437 3988 visibilium
1460 3933 1489 3987 in
1512 3941 1598 3989 mente
1623 3933 1715 3991 diulrm

74 4027 128 4084 slus
142 4027 170 4083 in
182 4025 321 4083 Exemero
340 4037 400 4088 ⁸¹¹⁰,
424 4022 517 4079 dicens
541 4038 549 4075 τ
577 4020 769 4077 Animadvertit
783 4022 805 4055 ¹¹
828 4024 868 4077 rir
917 4026 1099 4100 praeconditas
1112 4023 1243 4097 appellat,
1257 4033 1286 4081 et
1298 4024 1325 4081 in
1343 4016 1541 4084 universalibus
1554 4025 1713 4095 elementis,

74 4120 161 4193 umas
174 4118 350 4190 prudentiae,
366 4115 472 4188 trogum
494 4113 612 4170 uidelicet
635 4115 675 4182 ¹¹,
690 4115 760 4187 qaod
780 4114 868 4171 uiuifi-
918 4133 989 4193 quae
1001 4118 1098 4176 Gracci
1114 4118 1247 4177 catholica
1268 4128 1390 4192 στοιχιῑα
1404 4129 1513 4187 vocant,
1527 4133 1561 4176 eo
1577 4120 1649 4191 qnod
1663 4119 1717 4176 sibi

74 4211 136 4270 ten
146 4221 171 4271 tt
184 4209 358 4269 inuisibilinrn
373 4206 581 4266 ruberontiuraru
594 4207 709 4263 rationes
732 4207 754 4240 ¹¹
766 4217 791 4263 et
805 4224 869 4263 cntr-
918 4213 1034 4270 invicem
1048 4195 1260 4272 convinctior
1273 4215 1428 4271 concinant.
1451 4218 1618 4288 Στοιχιίωσις
1641 4214 1716 4271 culm

74 4321 116 4362 tas
136 4321 221 4362 mmm
242 4318 320 4360 ment
344 4301 402 4359 toto
422 4300 511 4356 diuino
531 4301 671 4357 continent.
698 4299 727 4356 ln
750 4300 868 4357 menum
919 4315 961 4362 cst
987 4305 1164 4372 immonem,
1190 4305 1243 4361 hoc
1266 4313 1321 4373 est,
1348 4302 1529 4361 conformatio
1546 4303 1580 4358 ¹¹.
1606 4303 1717 4361 illorum

76 4397 222 4456 triformem
235 4397 336 4456 mundi
350 4396 431 4468 liujus
447 4395 682 4461 constitutionem,
696 4409 731 4450 ex
754 4393 869 4450 rationi·
920 4410 1036 4467 namque
1050 4409 1185 4452 concursu
1195 4395 1286 4450 omnia
1302 4408 1418 4466 corpora
1431 4393 1548 4450 visibilia
1567 4394 1717 4451 coniiciun-

75 4488 256 4547 buevidelicet
276 4489 352 4557 suis,
368 4486 589 4559 simplicibusque
604 4486 628 4520 ¹¹
644 4486 797 4555 clementis,
809 4502 872 4545 eor·
922 4495 975 4544 tur.
1000 4486 1117 4558 ideoque
1140 4485 1319 4541 Athenienses
1345 4491 1471 4557 στοιχιῖα
1498 4482 1604 4540 litteras
1626 4483 1650 4517 ¹¹
1669 4499 1717 4557 ap-

75 4579 400 4652 poribusquecnmpcsitis
409 4577 570 4650 perfectam,
581 4593 714 4649 aquarum
725 4579 867 4647 vocabulo,
882 4575 1033 4654 Dpellant‚
1054 4593 1170 4651 quarum
1189 4577 1386 4649 compositione
1396 4576 1420 4608 ¹¹
1434 4576 1576 4633 articulata
1589 4591 1643 4635 vox
1655 4593 1718 4649 per·

77 4671 294 4743 firmamentique
307 4669 334 4725 in
347 4669 436 4726 medio
450 4667 696 4736 earumfacti,non
710 4671 868 4745 incongrue,
922 4668 1023 4727 dcitur.
1047 4668 1104 4728 Nec
1126 4669 1273 4725 immerito.
1295 4669 1364 4724 llum
1385 4668 1457 4726 enim
1478 4667 1580 4725 viritim
1594 4670 1719 4727 conside·

76 4773 104 4822 ut
118 4782 195 4834 reor,
220 4765 386 4836 descriptam
410 4765 636 4822 existimavimus.
660 4763 780 4821 Tertiam
806 4781 870 4822 vero
923 4771 1019 4819 rantur
1030 4778 1099 4835 pura
1109 4771 1138 4820 ct
1151 4778 1167 4819 a
1178 4776 1209 4819 se
1222 4762 1341 4819 invicem
1353 4770 1506 4835 segregata,
1518 4762 1645 4821 videntur
1658 4779 1720 4821 csse

77 4855 870 4929 muodibnjns¹¹ccnsidcrationeminsegregationeeorum,
898 4875 901 4882 ¹
924 4856 1175 4928 contraria3frigns
1186 4856 1321 4928 siquidem
1331 4856 1428 4923 calori,
1442 4855 1590 4912 humiditas
1601 4855 1720 4913 siccitati

76 4964 144 5021 quae
155 4947 184 5004 in
197 4963 232 5005 eu
244 4947 388 5005 mutabilia
399 4955 475 5016 sunt,
487 4947 523 5003 ab
536 4947 590 5014 bis,
604 4962 674 5019 quac
685 4958 798 5006 naturae
806 4965 872 5007 snae
925 4950 1103 5017 contradicit;
1119 4949 1183 5005 dum
1195 4963 1261 5005 vcro
1270 4949 1298 5004 in
1310 4963 1340 5005 sc
1354 4948 1470 5006 invicem
1484 4947 1643 5016 miscentur,
1657 4963 1720 5004 om·

76 5037 205 5096 ciminia
220 5039 367 5107 custodita,
384 5036 643 5096 incommutabiliter
656 5040 683 5095 in
703 5039 799 5097 eodem
811 5057 872 5113 per·
925 5044 1001 5100 nium
1017 5057 1109 5101 rerum
1123 5041 1271 5099 visibilium
1292 5027 1436 5098 harmonia
1460 5039 1577 5111 quadam
1601 5038 1720 5097 mirabili

76 5138 187 5187 manent
202 5138 275 5188 statu
289 5131 311 5165 ¹¹
323 5130 489 5196 constituta,
512 5130 565 5188 boc
589 5139 641 5198 est,
655 5132 682 5188 in
707 5132 871 5191 discretione
922 5149 1005 5209 atquc
1025 5133 1155 5192 ineffabili
1171 5133 1382 5207 compositiones
1400 5130 1530 5188 obiciunt.
1545 5130 1586 5187 lle
1602 5144 1721 5201 namque

77 5221 196 5279 omnium
209 5221 381 5282 mutabilium
390 5219 573 5279 accidentium
585 5220 739 5280 rationabili
749 5225 872 5282 contuitu
922 5243 988 5287 vera
1010 5244 1066 5286 uun
1080 5228 1278 5286 elmnemorum
1300 5224 1479 5292 substantiae,
1505 5223 1554 5281 sed
1573 5223 1719 5295 qualitates

66 5345 74 5412 'p
718 5339 847 5399 tramis
863 5342 1066 5401 moriones.

114 5436 368 5509 'Gerumpeutun
424 5434 530 5490 ¹tribua
552 5448 608 5490 om.
633 5432 667 5489 A.
717 5433 957 5494 ¹Aintcnlionis
980 5447 1101 5492 naturae.
1150 5435 1205 5492 ¹A
1230 5435 1380 5508 perspiciat.
1432 5432 1574 5504 ¹topfriae
1599 5446 1653 5489 om.
1682 5428 1718 5487 A.

80 5506 129 5564 ‘A
151 5508 232 5580 qsorf.
283 5505 576 5562 ‘enumerationem
628 5503 813 5563 ¹Adictunr
840 5516 889 5563 cat.
940 5506 1048 5562 ’Cnon
1067 5505 1190 5562 inueniet.
1241 5507 1263 5540 ¹¹
1290 5502 1451 5560 Aodrcrtit.
1507 5503 1528 5535 ¹¹
1556 5502 1579 5558 A
1608 5500 1719 5558 scilieet.

82 5577 102 5609 '¹
120 5580 234 5634 rationes
248 5591 306 5633 ortt.
319 5576 351 5633 C.
389 5574 746 5647 ¹¹Arimpfiot'buaf-que
767 5580 846 5646 om).
884 5575 907 5609 ¹¹
925 5577 1005 5648 latrina
1024 5577 1128 5632 omn.
1168 5577 1190 5610 ¹¹
1209 5576 1392 5633 custodita-
1417 5582 1487 5629 ttotu
1506 5587 1561 5628 cm.
1585 5570 1617 5630 C.
1657 5571 1718 5631 ¹¹C

80 5648 140 5703 tint.
189 5649 209 5680 ¹¹
233 5647 307 5702 Aet.
355 5645 418 5702 ¹¹A
440 5646 553 5716 gratinus
575 5646 745 5727 baptismatis
773 5648 839 5704 ruilil
853 5647 1012 5719 corporibus
1037 5647 1133 5702 nostris
1147 5648 1281 5719 prodesse.
1333 5643 1355 5676 ¹¹
1378 5642 1431 5700 Pro
1456 5643 1483 5698 in
1505 5641 1590 5698 ddum
1609 5641 1631 5699 d
1652 5658 1718 5699 eon·

81 5715 135 5774 dent
181 5716 313 5793 ”Agalla
330 5717 483 5771 orinoiruur.
520 5715 542 5747 ¹¹
562 5715 826 5789 Arrpuificntionent.
863 5717 926 5796 ¹¹⁸0
940 5717 1115 5789 ferramento.
1153 5718 1176 5755 ¹¹
1192 5717 1216 5773 A
1233 5732 1334 5775 coruus.
1372 5715 1397 5748 ¹¹
1415 5713 1625 5785 Crunprrnatic.
1663 5712 1719 5773 ¹¹0

81 5787 226 5847 literarum:
259 5788 288 5857 '¹¹
301 5789 323 5845 l.
334 5800 449 5860 querum
462 5786 543 5843 coitu.

280 5885 418 5946 Pence.
444 5879 575 5944 cxxii.
796 5863 961 5962 ”””’·“χ
1122 5955 1130 5960 ι
1176 5954 1190 5962 Η
1221 5957 1233 5962 Α,
1280 5957 1284 5960 Ἴ
1382 5951 1392 5958 ,,
1478 5880 1519 5945 23

1633 5959 1636 5964 .
1654 5957 1720 5969 w-.
