4167 6625
65 340 127 395 sut
514 348 559 404 ut:
578 345 748 406 etttstomr
767 349 941 408 aaronis.
959 382 995 396 -
1010 351 1112 408 tinen
1129 352 1304 421 Quantus.
1662 354 1723 423 ιιι

67 454 102 506 ιιι
121 453 131 483 ¹
152 451 285 507 ricosimo
308 454 422 524 septimo
443 459 560 528 capitulo
574 461 731 530 saepedicti
746 463 880 518 sermonis
894 468 916 526 tt
931 465 965 519 ad
982 468 1203 536 compositionem
1223 472 1402 543 superadjecti
1427 491 1459 532 ac
1487 476 1568 534 teluti
1589 470 1716 551 superbiai

67 541 303 599 luculentissime
320 545 454 614 explanat.
471 548 621 615 liancnim,
635 553 732 622 inquit,
757 570 803 622 per
822 570 879 607 om·
928 558 1049 625 corporis
1073 559 1209 627 pertinere
1232 578 1285 616 non
1310 563 1420 620 dubium
1444 574 1495 623 est.
1521 568 1597 638 Quod
1616 584 1718 643 carptas

67 631 138 692 nia,
150 632 227 699 perd
243 642 359 688 ιιοιιιιιιιι
372 645 421 700 ert,
440 637 467 691 in
478 639 552 707 daea
563 650 587 693 et
599 642 818 697 transmutatione
828 654 877 697 eet.
927 646 1068 701 materiale
1081 656 1109 701 et
1129 649 1248 705 exterius
1270 650 1352 708 relati
1375 656 1510 724 quoddam
1526 660 1717 716 uestimentum

68 719 108 775 Si
130 721 210 777 enim
224 732 302 787 creet,
316 726 513 793 reprehensibile
528 731 717 796 uniuersaliter,
732 733 802 802 qaod
817 732 878 787 nal-
928 735 1095 805 signaculum
1110 736 1133 770 ¹⁸
1147 738 1285 797 interioria
1299 751 1327 798 et
1350 747 1482 803 naturalis
1496 763 1549 805 non
1571 752 1719 825 incongure

67 808 135 864 leae
152 820 254 866 malem
272 813 350 868 babet
368 831 401 869 er
413 826 530 873 natura:
544 819 589 873 red
608 820 689 890 jueta
715 822 876 878 subtiliorem
926 822 1095 895 intelligitur.
1114 825 1236 883 iloretur
1256 830 1327 884 enim
1343 847 1392 902 per
1412 844 1534 906 tempora
1554 848 1583 893 et
1603 849 1714 905 aetates,

66 898 216 953 rationem
229 916 329 964 ιοιιιιιι,
340 918 407 972 paee
417 905 444 959 in
454 905 528 960 nabis
540 918 612 971 eunt,
626 909 759 979 ceaddam
771 912 874 978 aridem
928 922 1102 982 augmentum
1121 924 1149 969 et
1173 915 1361 974 detrimentum
1377 921 1419 976 sui
1431 923 1571 991 patiendo,
1587 927 1633 982 illo
1643 944 1718 985 sent·

67 996 144 1050 etat,
158 989 296 1056 eamdam
315 1008 373 1045 tere
387 1008 419 1046 ee
439 996 613 1051 mutabilitate
633 999 740 1055 accidit.
755 998 877 1054 Mutatur
925 1012 975 1067 per
985 1001 1106 1057 interiori
1120 1003 1147 1057 iu
1161 1018 1210 1058 suo
1224 1014 1296 1059 statu
1309 1005 1563 1067 incommutabiliter
1575 1026 1715 1072 tumente.

65 1075 150 1129 enim
172 1079 383 1145 pertractantem
407 1091 431 1136 et
457 1083 654 1139 diminutionem
666 1102 772 1156 corpas,
796 1087 876 1142 relati
960 1090 1005 1144 tt.
1022 1090 1718 1161 scoquoniamstittartextertasabeotuetamestt·

66 1166 238 1221 reetimema
260 1171 387 1237 quamam
416 1186 597 1243 marearemee
620 1186 718 1232 actatce
742 1178 873 1233 indutum.
926 1181 1717 1261 elsuperadditum,divinaebonitatismagnitudoetinbtti·

61 1252 138 1311 star
156 1273 222 1311 aem
237 1275 284 1328 per
294 1276 398 1315 omnem
422 1266 614 1319 convertionem
636 1266 873 1323 intransmutabilia
926 1275 952 1320 ta
963 1283 1027 1336 erga
1039 1270 1142 1334 omnia,
1153 1282 1303 1340 canossam,
1319 1277 1488 1345 providentia
1512 1281 1598 1339 uoluit
1609 1288 1717 1355 penitus

65 1347 99 1400 ie
114 1364 149 1401 ee
174 1350 235 1417 ipsa
250 1349 347 1420 torma,
361 1353 447 1408 inritis
466 1356 517 1410 eibi
535 1356 614 1410 semel
627 1374 660 1412 ea
673 1369 769 1413 nutura
792 1360 874 1429 rionis
923 1357 1240 1424 perire¹⁸etadaibilum
1251 1364 1716 1441 radigioniaabipracst,ctextre·

65 1452 128 1491 pm
152 1438 319 1506 (induem,
346 1444 391 1497 aad
418 1443 445 1498 ipa
470 1446 589 1501 amnibus
615 1449 756 1503 mnndum
780 1466 873 1520 corpus
925 1445 1036 1500 illumin
1052 1450 1536 1527 θιθιιιῦιιὸθιιῑιιιθῑοιιιιιιθιιιζροιιο
1551 1465 1718 1537 libidinum,

63 1529 348 1585 transmutationibus
360 1547 420 1585 cam
439 1535 494 1587 reis
509 1536 658 1591 notionibus
670 1548 778 1607 apparet
790 1555 799 1593 r
811 1541 873 1594 sab·
923 1536 995 1605 quod
1013 1536 1040 1591 iu
1057 1536 1129 1592 ltttne
1141 1540 1270 1595 mundum
1284 1558 1333 1612 per
1341 1551 1543 1614 generationem
1557 1555 1680 1613 localiter
1687 1569 1718 1614 et

61 1613 203 1669 tabem
215 1616 227 1649 ⁸
239 1627 337 1683 autent,
361 1636 408 1690 per
424 1618 535 1676 Verbum
551 1622 656 1678 Domini
668 1625 794 1691 uidelicet,
803 1628 871 1698 ipra,
925 1622 1110 1693 lembottliiet
1123 1627 1256 1692 dascillii.
1267 1646 1320 1687 butt
1331 1636 1589 1708 potestbnemrerc,
1598 1645 1654 1700 site
1667 1648 1718 1700 mi-

59 1719 142 1771 prtoe
157 1720 195 1759 ec:
205 1707 325 1773 prasiane
335 1717 384 1770 erl,
396 1710 517 1773 mulatio,
537 1727 605 1781 puae
615 1714 626 1743 ⁸
638 1713 870 1785 iomanesupcrnc·
922 1711 1004 1766 nimis
1015 1712 1047 1777 ¹¹·
1061 1714 1165 1780 aldios,
1179 1717 1270 1782 holte.
1280 1728 1718 1798 urorummsiremaximts.uam

56 1791 151 1847 ridie.
171 1788 247 1847 Nam
259 1793 337 1849 relati
357 1795 438 1864 iacies
458 1799 587 1865 praedam
609 1800 696 1855 aliena
711 1802 723 1834 ⁸
744 1803 801 1872 ipra
827 1821 873 1874 per
887 1824 911 1883 B
925 1801 996 1868 cula,
1012 1802 1070 1857 site
1083 1805 1190 1870 mediis,
1205 1818 1235 1861 ιιι
1248 1818 1361 1878 aetatem
1379 1817 1441 1870 anui
1456 1826 1617 1890 temporum,
1633 1826 1718 1882 inter·

55 1871 273 1940 infertilitatem
286 1874 439 1944 deformitas
455 1877 567 1947 formam
581 1880 821 1954 deprelrendir,qtte
835 1889 874 1942 in·
924 1888 1002 1943 nabis
1027 1890 1100 1946 inter
1123 1893 1284 1965 principium
1311 1902 1460 1960 nativitatis
1486 1911 1513 1963 in
1539 1913 1610 1969 bane
1634 1918 1717 1974 vitam

53 1951 217 2018 serenitate
243 1971 290 2023 per
308 1952 419 2010 Verbum
440 1958 643 2026 circumablata,
658 1963 724 2016 sicut
750 1963 874 2021 Naaman
924 1975 1098 2048 ejusdemque
1114 1982 1185 2037 ritae
1202 1983 1281 2040 linem
1303 1989 1480 2062 interpositis,

52 2042 175 2113 syras,
188 2061 235 2099 seu
247 2044 355 2101 derern‘
370 2049 417 2118 qui
428 2049 454 2103 ιἰι
466 2049 606 2122 Euanpeiio
617 2062 771 2120 narrantur,
782 2057 874 2111 iterant
924 2074 1045 2120 aurarum
1058 2069 1279 2129 ordinationenem

51 2132 222 2186 obscurata
235 2134 282 2188 sub
292 2137 412 2204 paccione
419 2137 500 2207 [ecies
513 2142 708 2210 perennitatem
720 2144 746 2197 in
758 2146 813 2199 stris
828 2161 875 2199 no·

50 2218 198 2272 tionibus
226 2220 331 2274 relucet.
350 2219 439 2289 Ipilur
457 2225 484 2276 in
506 2216 683 2293 deiformitate
705 2232 873 2284 aniamenon

51 2304 173 2371 pinsile
199 2322 246 2374 per
268 2307 468 2363 nrutabilitolem
495 2321 521 2364 et
546 2313 745 2368 transmutabile
765 2320 874 2379 erl,scal
924 2333 1077 2402 numeras,

52 2394 145 2459 qaod
155 2406 293 2463 permanet
304 2397 476 2469 similiterque
493 2400 519 2451 t'n
534 2410 624 2454 nostra
638 2405 802 2460 concretione
825 2408 873 2462 bo·

56 2484 164 2546 betur,
193 2484 242 2536 boc
265 2485 369 2539 animae
394 2486 527 2541 inseritur.
545 2484 578 2542 El
594 2491 717 2560 quoniam
739 2495 810 2564 ipsos
826 2512 873 2566 per

57 2574 192 2642 speciem
205 2575 368 2647 differentiae
389 2579 460 2649 ipsae
473 2581 609 2636 mutabiles
622 2586 793 2642 concretionis
806 2605 872 2656 atta·

59 2662 163 2716 lirates
175 2664 369 2732 superformant
381 2666 402 2729 '‚
417 2670 546 2723 concretio
571 2687 630 2724 aero
644 2688 695 2727 non
716 2675 769 2728 alia
789 2682 871 2748 oriae·

61 2752 138 2805 dane
153 2752 164 2783 ¹
178 2762 217 2805 ιιι
243 2762 346 2822 practer
365 2752 549 2811 elementorum
571 2759 710 2815 mixturam
723 2779 732 2828 ,·
746 2763 870 2820 elementa

63 2850 166 2894 antem
195 2840 305 2895 dicimur
329 2843 507 2899 unirerrilolrs
527 2862 634 2918 corpore
654 2847 665 2877 '
691 2854 872 2909 constitutioni

65 2930 222 2999 sabjecta,
251 2930 401 3002 exquibus
424 2935 503 2990 ctiam
520 2935 664 2991 bumanutn
687 2954 781 3010 corpur
806 2958 869 2996 con·

65 3030 130 3075 stret
153 3046 161 3078 ;
186 3025 331 3077 necessaria
361 3026 444 3094 specie
476 3025 555 3081 aeluri
589 3028 712 3097 descripti
741 3031 870 3102 tipnacnli

67 3109 183 3176 formae
204 3110 226 3141 ¹·
246 3111 274 3163 in
294 3110 382 3166 anima
399 3124 586 3183 permanente,
614 3133 696 3189 neque
720 3120 869 3189 reforman-

68 3200 109 3250 de
140 3199 168 3251 in
194 3198 329 3269 ripnaculo
342 3201 376 3254 ad
399 3201 559 3269 formaturi
578 3222 619 3272 ca,
637 3207 753 3263 uidelicet
766 3212 867 3277 aalma,

69 3288 257 3355 ipnaraalar,
279 3289 326 3343 ted
354 3291 516 3363 intempore
537 3293 732 3365 reformationis
753 3298 801 3355 i'la
823 3301 871 3356 ite·

71 3393 135 3429 rem
161 3379 198 3432 cd
229 3396 257 3435 ιι
287 3383 370 3447 ipram
406 3381 534 3455 recipiet,
567 3403 735 3458 quaecunque
768 3390 870 3460 formae

73 3466 227 3520 cbarectcri
248 3471 386 3538 coaptabit.
418 3469 666 3543 coaptationem
690 3478 797 3533 omniuo
821 3479 868 3533 illa

74 3552 117 3606 leit
135 3561 169 3618 ¹¹,
187 3570 255 3625 quae
278 3556 310 3610 ab
324 3559 400 3613 initio
422 3561 450 3613 in
469 3560 554 3630 [orma
578 3563 785 3623 clraroclerr‘rata
796 3581 867 3627 tunt.

77 3637 197 3696 Videsne
208 3643 299 3712 igitar,
309 3659 390 3715 qaam
406 3648 541 3704 subtiliter
551 3649 574 3682 ¹¹
588 3651 691 3721 primae
706 3656 868 3714 conditionis

81 3729 275 3799 proprietatem
290 3734 324 3786 ab
338 3733 389 3800 bis,
401 3750 471 3805 uuae
485 3739 656 3807 superaddita
676 3752 749 3808 sunt,
765 3744 867 3801 discer-

80 3819 334 3891 uitlQuodcuuoue
344 3823 416 3879 enim
427 3825 453 3879 in
464 3826 590 3883 burnonis
600 3832 758 3899 corporibus
771 3835 869 3890 immn-

82 3910 161 3966 tabile
176 3910 343 3984 intelligitur,
365 3915 469 3985 primae
477 3918 639 3976 conditionis
652 3926 791 3993 proprium
807 3938 865 3994 est;

81 3999 205 4068 quicquid
225 4015 289 4056 vcro
301 4003 328 4055 in
343 4003 383 4058 eis
400 4005 526 4062 mutabile
547 4024 579 4064 ae
595 4009 618 4044 ¹¹
632 4013 736 4068 varium
749 4019 868 4089 percipi·

82 4097 135 4152 tur,
154 4090 216 4144 lbud
229 4101 271 4147 est
284 4095 510 4165 superadjectum,
522 4109 651 4172 extraque
667 4113 790 4161 naturam
803 4111 868 4164 sub·

82 4180 212 4235 stitutum.
224 4181 417 4241 Uttitersalitet
430 4199 519 4243 autem
533 4190 560 4245 in
571 4193 696 4250 omnibus
707 4198 866 4268 corporibus

82 4269 203 4325 inmanis
226 4287 279 4327 uua
303 4275 451 4345 eademque
474 4276 559 4333 lorma
580 4283 731 4340 conamunis
745 4288 864 4342 omnium

82 4362 244 4433 intelligitur,
263 4374 290 4420 et
305 4382 411 4438 semper
428 4369 454 4423 iu
467 4372 592 4428 omuibus
613 4374 866 4438 incommutabiliter

82 4463 143 4507 stat.
167 4454 232 4510 Nam
259 4457 468 4515 innumerabiles
486 4461 663 4532 differentiae,
678 4485 748 4538 uuae
770 4472 858 4527 eidem

82 4541 181 4598 turmae
193 4545 328 4613 accidunt,
344 4563 396 4604 non
406 4564 439 4604 ex
456 4552 558 4608 ratione
572 4557 675 4624 primae
686 4560 859 4628 conditionis,

82 4631 125 4686 scd
144 4649 177 4688 er
192 4633 363 4703 qualitatibus
374 4641 587 4709 cormptibilium
603 4646 735 4702 seminum
758 4651 863 4705 contin·

81 4732 153 4789 gunt
167 4722 225 4792 lpsa
247 4725 328 4794 igitur
350 4725 434 4783 torma
447 4731 596 4800 spiritualis
611 4736 750 4805 spirituale
763 4755 861 4810 eorpus

82 4822 131 4877 est,
147 4814 174 4868 in
187 4816 272 4884 prima
284 4818 438 4874 conditione
460 4821 576 4878 bominis
589 4819 691 4882 lactttm
704 4847 711 4883 ε
725 4833 795 4900 quod
810 4848 860 4888 au·

83 4914 133 4957 tem
145 4919 178 4957 ex
191 4906 375 4972 materiamine
388 4918 439 4974 est,
454 4926 488 4966 ex
504 4914 678 4982 qualitatibus
689 4930 717 4975 et
727 4925 861 4991 quantita·
889 4993 890 4996 Ἴ

81 4996 151 5048 tibus
172 5003 297 5062 quattuor
310 4997 502 5056 elementorum
528 5004 619 5060 mundi
640 5009 774 5068 sensibilis
800 5031 861 5071 eum

81 5084 137 5152 ipsa
152 5082 233 5138 iorma
245 5087 411 5155 qualitativa,
425 5091 458 5146 de
470 5106 523 5161 qua
538 5094 564 5148 iu
578 5096 713 5165 prioribus
722 5100 798 5159 libris
809 5107 863 5160 dis·

81 5173 237 5240 putarimus,
264 5175 390 5246 quoniam
418 5187 446 5232 et
466 5182 557 5252 augeri
574 5192 602 5238 et
613 5185 697 5241 minui
711 5190 858 5262 patiuntur,

1506 2004 1623 2059 riaturab
1641 2021 1718 2061 crea·

1282 2088 1370 2147 geute.
1387 2080 1473 2139 Omne
1484 2088 1629 2158 siquidem,
1642 2097 1716 2165 quod

925 2154 951 2208 in
973 2155 1073 2211 mundo
1088 2172 1120 2212 ea
1137 2160 1236 2217 mundo
1261 2169 1438 2236 compositum
1455 2172 1549 2245 incipit
1571 2194 1642 2242 esse.
1665 2198 1715 2239 ue·

924 2260 1002 2301 cesse
1019 2256 1063 2303 est
1080 2250 1177 2304 resolui
1203 2262 1231 2307 et
1251 2269 1311 2310 cum
1325 2262 1425 2317 utendo
1443 2264 1562 2324 iraterire.
1585 2270 1716 2330 Necessa-

1091 2339 1211 2394 erterius
1233 2355 1265 2396 ae
1279 2349 1418 2405 materiale
1438 2368 1537 2424 corpus
1553 2358 1620 2414 solui
1637 2363 1663 2418 in
1682 2380 1716 2421 ea

922 2421 1065 2489 elementa,
1084 2441 1116 2482 ex
1132 2429 1230 2498 quilius
1243 2445 1411 2506 assumptum
1426 2454 1479 2507 est,
1499 2460 1552 2501 uon
1569 2458 1657 2507 aulem
1671 2467 1717 2509 ue·

922 2513 1082 2580 cessarium,
1108 2518 1206 2586 perire,
1230 2522 1356 2590 quoniam
1373 2543 1407 2583 ea
1432 2531 1487 2587 beo
1504 2547 1573 2602 crat,
1590 2552 1717 2600 annuente

921 2616 1029 2673 semper
1051 2607 1173 2664 interiori
1196 2611 1254 2680 illo,
1267 2625 1294 2670 et
1307 2616 1563 2685 tricammutabiliter
1579 2638 1669 2691 sbrnle
1688 2637 1719 2692 itt

921 2695 979 2750 stris
1000 2697 1160 2767 rationibus,
1186 2708 1334 2764 secundum
1351 2727 1420 2781 quas
1435 2730 1497 2772 eunt
1521 2723 1610 2778 anima
1636 2736 1665 2782 et
1686 2729 1715 2784 in

922 2786 1012 2840 anima
1032 2796 1061 2843 el
1073 2805 1122 2860 per
1141 2793 1259 2851 animam
1281 2806 1308 2852 et
1326 2813 1437 2874 propter
1450 2809 1567 2865 attituam
1581 2816 1715 2870 coustitu-

922 2884 979 2932 tum
1002 2892 1055 2935 cst.
1081 2879 1214 2948 Quondam
1237 2902 1302 2944 rero
1324 2890 1398 2948 iliius
1424 2899 1547 2966 eorporis
1566 2904 1715 2961 materialia

922 2974 1003 3037 atque
1015 2968 1138 3025 solubilis
1151 2983 1242 3029 manet
1258 2975 1284 3030 in
1299 2980 1390 3035 anima
1410 2986 1526 3052 species,
1550 3004 1604 3045 non
1626 2992 1714 3049 solum

921 3057 967 3115 illo
983 3061 1098 3129 virente,
1116 3078 1210 3120 retum
1234 3067 1316 3124 etiam
1338 3083 1401 3143 post
1414 3075 1473 3146 ejus
1497 3060 1659 3139 solutionem
1685 3096 1714 3141 ιι

883 3165 905 3227 C
922 3149 948 3203 iu
963 3149 1095 3208 elementa
1110 3157 1202 3212 muudi
1216 3160 1350 3230 reditam;
1375 3164 1520 3237 disputatio
1532 3172 1631 3243 quippe
1643 3175 1714 3232 diui·

923 3238 957 3294 tis
979 3256 1041 3295 cum
1065 3244 1203 3299 Abrabam
1231 3250 1369 3307 notionem
1393 3269 1536 3328 corporum
1563 3262 1714 3324 adbaerent

921 3332 1064 3389 animabus
1084 3345 1144 3405 post
1166 3350 1281 3397 mortem
1300 3345 1418 3403 iudicat:
1436 3362 1580 3424 propterea
1593 3361 1715 3428 partium

921 3419 1013 3486 illius,
1042 3423 1197 3497 ubieunque
1223 3430 1416 3493 elementorum
1443 3442 1514 3507 sint,
1545 3462 1599 3504 non
1624 3461 1723 3521 patent*

920 3511 1009 3566 anima
1019 3513 1155 3584 abttttsci,
1168 3530 1214 3575 aut
1226 3536 1273 3578 eas
1285 3527 1399 3584 nescire.
1415 3529 1544 3598 Qttautris
1557 3538 1630 3595 enirn
1646 3555 1712 3613 pro·

919 3611 981 3673 pter
993 3615 1133 3674 peccatum
1154 3613 1343 3681 superadditae
1361 3620 1417 3676 sitit
1435 3623 1568 3683 bumanae
1586 3641 1710 3701 naturae,

919 3694 953 3749 ad
970 3709 1030 3752 eam
1046 3705 1135 3754 tamen
1156 3717 1210 3756 uon
1223 3706 1360 3773 pertinere
1372 3726 1425 3767 non
1441 3726 1565 3783 possunt,
1578 3724 1709 3791 quoniam

918 3781 953 3837 ab
981 3787 1076 3842 eodem
1103 3798 1216 3847 neutrae
1244 3796 1383 3854 conditore
1409 3810 1437 3855 et
1467 3804 1574 3864 addilae
1597 3821 1661 3866 sunt
1681 3823 1711 3868 ot

919 3870 1015 3936 luctae,
1027 3890 1061 3932 ae
1076 3890 1124 3943 per
1136 3877 1189 3932 boe
1210 3879 1237 3933 iu
1259 3887 1458 3946 restauratione
1479 3892 1595 3952 bominis
1609 3898 1636 3954 in
1650 3904 1709 3957 tani·

918 3970 1000 4017 tatem
1016 3973 1129 4021 naturae
1150 3971 1317 4028 revocandae
1333 3988 1396 4032 suut
1414 3980 1454 4044 ¹⁸,
1474 3982 1538 4041 dum
1560 3988 1650 4045 anima
1671 4002 1709 4048 to·

918 4058 973 4105 tam
986 4053 1037 4107 sibi
1058 4056 1194 4112 rtrbditmn
1217 4066 1424 4124 resurrectionis
1447 4079 1568 4145 tempore
1583 4082 1706 4152 recipiet.

918 4138 949 4191 Et
969 4137 1021 4194 boc
1046 4151 1099 4208 est,
1124 4146 1195 4214 quod
1214 4148 1253 4204 ait
1275 4153 1422 4224 magister:
1444 4159 1601 4224 Necessaria
1623 4176 1708 4242 specie

916 4226 993 4282 relati
1006 4230 1123 4303 discripti
1138 4236 1268 4306 sipunculi
1288 4242 1389 4312 [ermae
1408 4247 1430 4280 ¹⁹
1450 4252 1478 4307 in
1497 4256 1586 4312 animo
1599 4276 1706 4329 perma-

916 4328 1002 4384 nente,
1019 4336 1100 4391 neque
1116 4324 1284 4392 reformando
1298 4332 1325 4385 in
1337 4336 1473 4405 sipunculo
1489 4342 1524 4396 od
1539 4344 1652 4413 [matam
1672 4351 1705 4404 ab

914 4420 945 4457 ea
965 4406 1130 4475 iunocenter.
1143 4413 1352 4492 desipui-cerel,
1375 4422 1438 4479 dum
1453 4430 1567 4498 species,
1591 4434 1643 4491 boc
1663 4448 1706 4496 cst

874 4496 984 4557 Dnotiu
1007 4498 1134 4569 descripti
1155 4504 1308 4574 signaculi,
1330 4514 1474 4573 exterioris
1493 4521 1620 4580 videlicet
1643 4543 1704 4584 eor-

915 4584 999 4653 poris,
1015 4587 1086 4654 quod
1098 4601 1178 4645 vocat
1190 4591 1213 4624 ¹⁰
1229 4593 1395 4666 signaculum
1411 4603 1556 4675 interioris,
1574 4612 1602 4667 in
1614 4617 1704 4674 anime

915 4685 1065 4741 permanet,
1088 4681 1169 4736 etiam
1185 4694 1245 4753 post
1266 4687 1396 4759 signaculi
1417 4696 1579 4757 solationem
1593 4715 1704 4776 propter.

914 4762 987 4817 illam
1008 4767 1156 4836 notionem,
1179 4787 1261 4841 quarn
1278 4792 1386 4849 semper
1406 4784 1497 4847 ltabet.
1522 4804 1575 4845 non
1597 4794 1706 4865 ignorat

915 4861 1006 4919 partes
1026 4854 1157 4925 signaculi
1180 4876 1229 4929 per
1243 4863 1375 4923 eletuenta
1400 4887 1519 4942 sparsas,
1540 4889 1569 4934 et
1584 4897 1705 4939 resurrr-

913 4938 1011 4995 ebionis
1032 4943 1076 4999 die
1097 4945 1117 4980 '¹
1141 4946 1167 5001 ιιι
1189 4950 1338 5022 signaculo,
1354 4959 1407 5017 boe
1424 4973 1477 5027 est.
1491 4968 1517 5022 iu
1537 4984 1651 5042 corpore
1670 4979 1705 5036 ud

912 5026 1027 5086 iuratam
1039 5036 1155 5101 auiutae,
1171 5043 1242 5108 quod
1253 5053 1296 5099 est
1307 5048 1421 5107 interius
1430 5070 1539 5125 corpus,
1554 5062 1703 5121 reformen-

913 5117 972 5172 das.
988 5120 1035 5176 Est
1048 5123 1119 5177 etaim
1134 5130 1255 5185 exterius
1266 5142 1294 5186 et
1312 5142 1451 5197 materiale
1465 5160 1563 5216 eorpus
1579 5152 1702 5223 signacu-

913 5203 968 5263 lum
987 5210 1173 5278 interimimus
1190 5232 1244 5288 quo
1257 5220 1343 5278 lorma
1366 5230 1473 5287 animae
1486 5239 1657 5308 exprimitur,
1670 5260 1703 5299 ae

711 5318 839 5381 vattttttt
855 5328 1056 5394 brettones.

115 5433 122 5463 ¹
138 5424 164 5477 in
174 5437 227 5479 om.
240 5423 272 5477 Α.
312 5422 380 5482 ’Sic
391 5424 489 5492 cm
505 5428 584 5484 insita
595 5430 645 5488 sibi
656 5449 679 5488 s.
691 5449 716 5491 e.
725 5452 753 5491 n.
767 5440 842 5509 aipna
856 5459 884 5497 n.
899 5449 1032 5506 amittens.
1078 5453 1089 5487 ⁸
1102 5454 1149 5513 Sic
1164 5459 1225 5515 CF·

81 5494 186 5547 metatio
195 5509 262 5563 aare
274 5496 372 5549 morbo.
411 5496 502 5550 'tal
512 5499 610 5557 aliena.
648 5503 659 5536 ⁸
672 5503 718 5561 Sic
727 5508 787 5571 ct;
802 5513 825 5563 Α
837 5513 908 5567 sicut
920 5517 947 5568 in
963 5516 1087 5577 Naaman
1099 5542 1145 5581 teu
1157 5530 1185 5583 ln
1197 5533 1214 5584 ιι

1217 5503 1225 5528 ,
1241 5465 1262 5519 Δ
1278 5467 1448 5527 subtrabitur.
1486 5475 1608 5537 ‘stecr
1616 5500 1624 5548 ;
1634 5486 1657 5539 lt
1669 5505 1700 5544 ea

82 5562 164 5624 ιιι·’;Α
175 5562 373 5632 transformant.
393 5564 640 5634 ³paocduntout.d.
658 5548 1248 5663 ⁹siccimammeam-carpereontau’
1260 5550 1305 5604 qm
1316 5555 1343 5593 m
1368 5540 1510 5611 Evangelio
1524 5559 1576 5603 m·
1593 5569 1596 5576 v
1627 5553 1637 5585 ’
1654 5556 1700 5613 Sic

82 5633 102 5666 ¹¹
115 5630 223 5695 Sieb'ffi
240 5637 262 5684 Α
277 5632 406 5687 similiter.
444 5634 466 5670 ¹⁸
482 5634 528 5690 Sic
545 5637 603 5705 ct;
620 5642 641 5694 Α
659 5653 694 5697 ιι.
735 5646 930 5717 '‘tipnacelttm
945 5671 1001 5711 otu.
1016 5660 1050 5714 b.

80 5704 188 5768 penisus.
227 5700 323 5755 ”Ain
343 5703 469 5758 minimis.
518 5707 539 5738 ¹⁸
564 5722 624 5765 tant
642 5715 744 5769 anub.
782 5717 805 5752 ¹⁹
829 5719 1036 5787 lorntocont.b

292 5791 563 5859 Parnoncxtttt.

1217 5640 1224 5654 .
1251 5605 1482 5674 ¹⁰[arnraeout..b.
1512 5615 1532 5646 ¹¹
1546 5618 1651 5678 ibam.
1664 5627 1698 5681 b.

1089 5663 1167 5720 “CF
1177 5681 1214 5723 ιιι
1228 5672 1337 5740 iactum.
1385 5678 1462 5735 “Sic
1486 5682 1546 5752 CF3
1571 5687 1594 5741 t
1614 5697 1701 5758 petire

1038 5765 1047 5784 .
1096 5734 1117 5766 ¹⁰
1135 5739 1180 5798 sic
1194 5739 1246 5807 cti
1261 5743 1283 5796 b
1297 5756 1412 5804 coeatur.
1451 5754 1472 5791 ¹¹
1494 5753 1536 5808 dic
1558 5763 1651 5818 ιιιι

1460 5839 1501 5902 ib

1703 5891 1715 5927 b
