4167 6625
79 347 138 404 589

488 348 534 406 nb
552 348 721 406 bttttston'u
741 346 915 406 urrunnu.
935 378 972 390 -
989 345 1090 404 nunu
1110 346 1303 406 SECUNDUS.

1661 341 1714 400 590
1743 363 1749 372 ·

77 461 218 540 dictorum
239 460 360 518 omnium
383 463 515 533 quaedam
535 464 561 519 iu
573 463 582 496 ¹
596 465 730 533 quandam
743 462 874 519 mutarem
889 465 913 524 Α
927 459 971 516 nia
986 476 1099 531 corpora
1114 462 1297 542 courtineutur,
1313 460 1426 518 inlectus
1440 468 1552 517 naturae
1564 474 1630 520 srrao
1640 475 1716 517 turen·

79 566 117 609 ex
144 552 235 608 mrrltis
257 552 380 609 collectio
399 553 461 625 jure
487 554 674 610 aestimabitur
696 569 767 624 esse.
795 551 872 621 Quod

80 643 256 715 longedistst
276 659 310 699 ex
324 644 431 701 divinae
450 654 563 701 naturae
579 645 693 716 simplici
716 647 873 716 introituque

79 732 209 798 mutate,
218 749 288 805 qrrae
300 734 370 789 nibil
379 735 487 802 horum,
499 750 569 807 grue
579 744 654 803 sunt,
665 735 798 792 subsistit.
814 735 873 792 Non

80 825 158 880 enim
176 836 261 881 totum
278 831 338 891 est,
357 839 444 896 neque
458 841 539 897 pars:
557 834 641 882 totum
661 837 751 883 omen
770 835 798 882 ει
811 842 874 897 pars

79 916 334 987 &murmurmurmur
354 918 388 976 ab
407 931 531 973 caomne
544 925 628 973 toturn
647 925 675 974 et
695 917 782 973 omnis
799 934 870 988 pars,

78 1014 109 1062 ει
120 1007 213 1062 orrrnia
230 1015 285 1061 tota
298 1015 327 1061 ει
345 1021 440 1064 omnes
454 1016 545 1078 partes
557 1007 666 1063 condita
681 1017 754 1063 sont.
770 1008 872 1065 Simili-

79 1106 124 1154 ter
135 1112 223 1168 neque
236 1114 322 1169 genus
338 1106 400 1163 est,
422 1114 509 1169 neque
530 1099 628 1166 torma,
648 1115 736 1170 neque
757 1101 872 1170 species,

78 1205 171 1260 neque
196 1203 343 1255 numerus,
365 1205 453 1259 rrenrre
473 1194 562 1256 οὐσία,
580 1191 638 1246 sire
657 1191 873 1263 generalissima,

78 1280 141 1335 sire
152 1279 346 1350 spectatissima
361 1279 498 1335 subsistit:
511 1289 537 1334 et
551 1289 641 1337 tarrren
653 1281 721 1336 llaec
733 1281 824 1336 omnia
840 1282 873 1337 de

78 1388 112 1429 ea
128 1374 333 1444 praedicantur,
349 1374 477 1444 quostiam
491 1373 525 1429 ab
537 1389 568 1429 ea
580 1376 744 1432 subsistendi
761 1376 872 1434 faculta-

79 1475 135 1518 tera
148 1464 296 1534 accipiunt.
315 1462 439 1520 Necnon
457 1465 620 1521 universitas
634 1467 730 1522 borum
749 1469 871 1525 omnium

76 1555 189 1618 dicitur,
200 1553 263 1608 dum
276 1555 359 1612 tutius
368 1564 508 1610 creaturae
522 1556 724 1612 uniuersitatem
740 1556 872 1614 intinitate

76 1658 146 1698 strae
156 1642 333 1699 excellentiae
344 1652 464 1714 superat,
477 1644 603 1714 qrrouiarn
617 1644 651 1698 ab
663 1661 695 1700 ea
711 1645 871 1702 uniuersalis

77 1732 248 1787 universitas
259 1741 349 1787 crerrta
362 1740 412 1789 est.
421 1732 561 1801 Quomodo
575 1733 657 1803 igitur
670 1733 759 1789 diviua
774 1745 869 1789 natura

923 568 1014 607 summ
1032 568 1085 607 rron
1106 561 1195 622 potest
1213 553 1367 616 exterulere,
1383 553 1445 623 qrriu
1460 552 1525 608 nibil
1539 551 1650 608 interius
1661 561 1713 619 est,

924 657 975 697 ure
987 641 1112 710 superius
1131 648 1220 712 potest
1238 643 1395 698 ascendere.
1408 641 1516 697 Finitur
1530 642 1603 696 enirn
1617 643 1643 698 in
1657 643 1717 714 ipso

925 731 998 786 rituli
1022 741 1120 798 trroto,
1138 747 1192 802 ouo
1216 731 1333 786 nutritur
1354 739 1383 789 et
1405 742 1536 804 augetur,
1555 745 1636 803 auguro
1655 733 1716 790 ideo

923 822 993 878 ultra
1007 823 1093 894 ipsam
1115 840 1167 880 non
1188 825 1355 896 prorelritnr.
1373 825 1401 881 Si
1416 841 1480 881 uero
1503 826 1529 880 in
1550 826 1717 884 sublimitate

923 913 1065 969 rrrriversae
1076 924 1218 969 creaturae
1229 915 1362 982 subsistit,
1372 927 1401 970 ιιι
1411 914 1601 971 intellectualis
1612 931 1713 988 eogno-

923 1014 1024 1070 scutur,
1041 1005 1098 1061 suis
1113 1005 1211 1062 tinibus
1226 1006 1346 1062 coartari
1358 1020 1469 1062 necesse
1490 1015 1542 1061 est.
1565 1006 1623 1061 b'on
1642 1008 1714 1063 ocrim

921 1105 1010 1169 potest
1035 1097 1232 1154 ascenderem
1258 1097 1380 1155 altiorem
1405 1114 1434 1154 se
1461 1108 1625 1165 creaturam,
1651 1099 1716 1169 qrriu

923 1189 1007 1243 altius
1017 1188 1063 1243 illo
1081 1188 1109 1243 iu
1133 1189 1214 1244 rebus
1231 1189 1332 1246 creatis
1344 1187 1382 1243 att
1394 1202 1455 1244 esse
1470 1188 1585 1243 videtur.
1599 1187 1714 1243 interius

923 1278 987 1334 item
1002 1295 1054 1334 non
1069 1286 1159 1350 potest
1172 1278 1273 1335 cernitti
1287 1289 1398 1349 propter
1413 1289 1557 1349 sequentes
1576 1295 1606 1335 se
1626 1279 1714 1334 subsi·

922 1370 1047 1426 eteutias.
1072 1368 1100 1425 Si
1122 1384 1185 1426 uero
1201 1369 1228 1423 in
1242 1370 1330 1426 medio
1351 1370 1494 1425 libramine
1506 1369 1595 1426 locum
1608 1369 1714 1426 obtine·

923 1467 974 1524 ret,
989 1473 1040 1514 neo
1051 1459 1084 1513 ad
1096 1460 1222 1514 interiora
1237 1475 1266 1515 sc
1279 1460 1413 1515 relaxaret
1425 1459 1447 1526 l,
1470 1475 1520 1516 nec
1531 1462 1564 1515 ad
1574 1461 1712 1533 superiora

922 1563 952 1602 se
979 1549 1137 1604 extenderet
1159 1547 1180 1612 ⁸,
1204 1551 1252 1603 sed
1271 1549 1421 1604 naturalem
1444 1565 1521 1605 suurn
1543 1551 1714 1624 ruedirnnuue

921 1637 1057 1692 obtineret
1076 1646 1176 1692 statum
1195 1636 1218 1693 ⁹.
1236 1636 1279 1692 tlc'
1297 1653 1346 1709 per
1366 1640 1417 1694 troc
1440 1639 1512 1694 nulla
1524 1649 1648 1696 creatura
1660 1650 1713 1706 est,

923 1726 981 1781 sire
995 1726 1108 1783 risibilis
1120 1727 1177 1783 sire
1191 1727 1342 1794 inuisibilis,
1357 1745 1427 1800 qnae
1438 1746 1490 1784 non
1506 1730 1577 1787 intra
1586 1732 1714 1788 terminos

76 1823 197 1896 seipsam
213 1833 303 1895 potest
321 1825 481 1896 intelligere,
492 1825 557 1896 urrid
578 1826 624 1889 sit,
638 1842 699 1880 cerni
723 1826 790 1883 rripit
815 1827 872 1887 sup
888 1811 909 1870 B
923 1818 1048 1889 propriae
1058 1827 1170 1873 uatrrrne
1184 1817 1209 1873 iu
1224 1818 1314 1888 aliuuo
1324 1829 1460 1874 coartetru·
1474 1821 1495 1852 ¹⁰
1510 1820 1538 1875 iu
1552 1837 1677 1878 mensura
1687 1833 1714 1879 et

78 1913 286 1985 superaremur
300 1930 391 1981 omne,
408 1916 479 1986 qood
498 1924 555 1982 est,
569 1916 676 1990 quaudo
695 1930 745 1970 nec
762 1915 817 1987 ipsa
830 1927 872 1971 est
924 1927 1038 1967 rrtrrrrcro
1049 1911 1211 1983 etpontlere.
1226 1914 1297 1967 [leus
1310 1922 1399 1968 autern
1412 1913 1617 1971 innullocorurn
1634 1917 1713 1972 intel·

74 2018 149 2069 esse,
163 2004 211 2059 scd
225 2002 259 2057 ab
273 2003 330 2074 ipsa
344 2012 386 2059 cst
400 2019 480 2060 omne
489 2019 562 2070 esse,
574 2019 645 2073 nune
657 2019 765 2059 omnem
777 2021 870 2060 essen·
923 2002 982 2074 ligit
999 2018 1028 2058 se
1038 2018 1110 2068 csse,
1126 2004 1172 2059 sed
1187 2005 1335 2075 cognoscit,
1345 2021 1375 2060 se
1390 2019 1471 2074 snpra
1485 2021 1579 2063 urnrres
1593 2023 1653 2064 esse
1664 2025 1714 2065 na-

76 2093 145 2148 tiam
160 2103 189 2149 et
201 2093 491 2162 srrbsbrrrticrrnlvirtute
502 2110 567 2150 sutae
584 2094 759 2150 excellentiae
776 2112 827 2167 sup
845 2113 871 2150 r·
924 2101 1001 2146 turae
1011 2093 1121 2148 ordines
1131 2093 1152 2126 ¹¹
1163 2109 1227 2149 suae
1238 2093 1602 2163 sapientiaeexcellentiam
1612 2098 1713 2154 irrtra¹¹

73 2183 191 2239 eminet.
227 2184 426 2255 butnuomodo
437 2184 569 2240 intinitum
585 2192 674 2256 potest
687 2185 811 2256 irraliquo
822 2187 870 2242 de·
922 2183 1012 2237 orrruio
1032 2197 1099 2239 suae
1112 2183 1220 2238 virtutis
1232 2181 1389 2249 altitudine,
1408 2191 1437 2238 et
1454 2185 1525 2239 intra
1543 2188 1632 2241 ornnia
1647 2203 1713 2243 suae

73 2266 150 2334 bairi
165 2295 181 2331 a
193 2294 223 2332 se
235 2277 303 2347 ipso,
322 2278 363 2332 rel
375 2277 401 2332 in
413 2277 503 2348 aliquo
516 2277 639 2348 intelligi,
658 2295 719 2332 curu
731 2294 760 2333 so
771 2294 871 2350 cogno-
921 2277 1106 2347 proridcntine
1119 2275 1328 2348 ininvestigabili
1347 2277 1559 2348 dispensatione,
1577 2290 1603 2336 ει
1621 2283 1712 2338 omnis

74 2382 136 2427 scat
148 2387 232 2441 suntor
244 2386 324 2426 ornue
339 2370 443 2424 linitum
458 2379 487 2425 et
500 2369 645 2434 irrsrnitont,
658 2379 685 2425 et
699 2369 829 2425 finitatem
843 2379 871 2425 et
921 2368 1036 2435 arnbire,
1048 2368 1111 2439 quia
1126 2370 1152 2423 in
1168 2370 1226 2439 ipso
1233 2380 1296 2425 suat
1308 2370 1529 2436 mrrrria,etextra
1546 2372 1631 2444 ipsunt
1646 2375 1713 2431 uittil

73 2458 259 2516 intinitatem?
271 2459 340 2514 beris
353 2460 537 2529 itaquenesrit
548 2475 588 2524 se,
598 2460 663 2528 quid
674 2471 727 2524 cst,
742 2460 870 2530 quianon
921 2469 974 2515 εει.
990 2458 1071 2515 Solus
1084 2459 1155 2515 enirn
1170 2458 1226 2530 ipse
1237 2467 1279 2516 εει
1293 2475 1421 2518 mertem
1434 2461 1493 2517 sine
1511 2479 1649 2531 mensura,
1665 2482 1713 2522 nu-

72 2560 122 2608 εει
142 2550 226 2620 ιιιιίιις
248 2549 528 2619 incomprenensibilis
551 2549 650 2620 iprippc
672 2550 698 2605 iu
724 2550 815 2620 aliquo
841 2557 870 2607 ει
922 2565 1013 2606 ruerus
1028 2549 1088 2608 sine
1101 2533 1550 2623 numero,poudussioepondero.
1563 2537 1717 2623 Etmerito,

72 2638 130 2697 sibi
148 2638 200 2710 ipsi
217 2646 245 2694 et
256 2639 329 2694 omni
357 2638 513 2694 intellectui.
536 2639 568 2692 Et
589 2655 651 2694 com
666 2640 677 2670 ¹
695 2639 753 2708 ipsa
769 2639 870 2696 ceritas
921 2641 984 2710 quia
1007 2657 1021 2696 a
1041 2638 1132 2706 nullo,
1149 2657 1199 2698 nec
1215 2658 1230 2696 a
1246 2643 1335 2715 seipso
1350 2653 1531 2708 truensnratnr,
1545 2656 1712 2710 rrrrrneratur,

72 2726 239 2800 intelligibili
257 2742 324 2784 voce
341 2727 370 2782 in
386 2729 461 2798 puris
482 2727 661 2783 intellectibus
681 2727 748 2783 baec
766 2728 798 2782 de
814 2727 869 2783 lieo
920 2732 1074 2797 ordinator,
1091 2748 1140 2787 noc
1155 2733 1181 2787 iu
1197 2733 1250 2788 ulla
1267 2748 1412 2800 urerrsura,
1427 2735 1455 2789 iu
1467 2736 1521 2790 ullo
1540 2753 1668 2804 rrurrrero,
1684 2738 1712 2793 in

73 2819 242 2877 ιεεὶεείιιιει
260 2819 313 2876 dici
324 2821 484 2891 proclamat,
496 2835 574 2876 nonno
585 2821 628 2890 pie
636 2821 870 2892 cognoscentium,
921 2821 976 2875 ulto
989 2822 1085 2879 ordino
1098 2823 1221 2894 intelligit
1235 2839 1264 2880 se
1274 2840 1349 2892 esse,
1358 2826 1485 2895 euronium
1497 2826 1524 2881 in
1535 2827 1607 2882 nullo
1618 2844 1712 2885 eorrua

74 2911 161 2981 tuque
182 2910 275 2968 diviua
298 2910 427 2982 nrysteria
450 2911 676 2973 introductorum,
700 2910 813 2965 audiens
834 2911 869 2966 de
920 2913 1137 2970 substantialiter
1150 2915 1315 2981 continetur,
1334 2932 1395 2971 curu
1412 2917 1487 2974 solus
1505 2933 1568 2975 rere
1583 2920 1610 2974 in
1626 2923 1713 2992 ortrni·

75 3001 144 3066 beo,
157 3000 276 3071 seipsum
297 2998 448 3070 intelligere
468 3014 521 3055 nou
543 3012 630 3068 posse,
648 2998 775 3068 quiden,
795 2998 867 3054 alind
920 3003 971 3060 bus
984 3021 1065 3076 supra
1084 3007 1174 3061 omnia
1191 3007 1312 3063 inbrritus
1326 3009 1435 3064 existat.
1454 3010 1488 3066 Et
1501 3026 1535 3066 no
1547 3012 1615 3068 mibi
1629 3029 1712 3084 oppo-

73 3091 157 3146 debet
166 3090 334 3155 existimare,
348 3089 400 3144 uisi
411 3089 497 3158 ipsum
508 3089 604 3156 beorn,
615 3088 661 3159 uiri
671 3105 724 3144 nou
735 3097 778 3144 est
790 3091 866 3160 quid,
920 3111 980 3162 nas,
992 3111 1076 3165 unare
1089 3097 1215 3163 dixerim,
1228 3099 1350 3153 ordinem
1364 3115 1507 3171 corporum
1523 3102 1549 3155 in
1560 3101 1668 3158 altiores
1681 3119 1713 3160 se

72 3180 188 3235 omuino
203 3179 327 3249 ignorare
339 3177 366 3232 in
381 3192 410 3232 se
423 3177 492 3247 ipso.
505 3179 577 3247 qrrod
593 3177 649 3247 ipse
663 3192 715 3231 ¹¹0¹!
726 3186 778 3238 ιιι.
792 3178 865 3248 seit)-
918 3188 1154 3244 naturasestendi
1171 3188 1193 3220 ¹⁸
1207 3204 1260 3243 uon
1276 3188 1378 3253 rariore,
1396 3206 1458 3245 cum
1478 3191 1631 3259 credamus,
1650 3208 1711 3250 orru-

71 3282 137 3327 eum
151 3277 242 3327 ιιιιιειιι
255 3285 308 3325 uon
318 3269 458 3342 cognoscit
471 3269 572 3340 aliquid
585 3285 654 3325 esse.
670 3269 759 3325 Nescit
775 3269 866 3340 igitur,
917 3276 960 3330 triu
974 3291 1089 3347 corpora
1100 3274 1126 3331 in
1143 3277 1316 3349 incorporeas
1330 3277 1476 3348 urratitatcs
1490 3289 1571 3350 atque
1581 3283 1708 3338 substau-

71 3360 142 3430 quid
158 3360 215 3430 ipse
227 3368 277 3423 cst,
293 3359 344 3415 lroc
362 3366 423 3424 εει,
437 3358 525 3414 nescit
539 3374 568 3415 se
581 3359 646 3429 quid
658 3373 728 3424 esse,
740 3362 867 3429 quoniam
917 3365 969 3418 tias
981 3377 1042 3420 esse
1061 3365 1217 3422 transitura.
1231 3367 1345 3434 Quantulo
1356 3368 1429 3423 euim
1449 3368 1500 3425 boe
1519 3371 1582 3435 crit,
1597 3386 1715 3443 corpora·

70 3451 232 3522 cognoscit,
245 3465 276 3503 se
295 3447 399 3504 nullum
416 3464 529 3516 corum,
545 3465 614 3520 quae
628 3450 655 3506 io
670 3450 868 3523 aliquocoguo-
917 3469 979 3511 esse
998 3456 1154 3512 cessabunt.
1181 3456 1276 3512 billunc
1296 3466 1387 3513 autern
1409 3458 1473 3513 ditm
1500 3473 1612 3528 corpora
1635 3470 1713 3528 sont,

71 3550 201 3604 scumur,
214 3551 242 3596 et
255 3541 288 3596 de
307 3542 406 3611 quibus
424 3549 514 3613 potest
526 3543 580 3598 dici
597 3543 639 3598 rel
659 3543 788 3615 intelligi,
803 3545 867 3616 quid
916 3563 967 3617 nee
977 3549 1000 3582 ¹⁸
1015 3547 1130 3605 interius
1140 3564 1227 3619 neqrro
1240 3549 1364 3619 superius
1377 3564 1442 3604 suae
1454 3560 1567 3605 naturae
1577 3553 1710 3611 terminos

73 3642 149 3699 sont,
162 3646 199 3686 on
211 3632 275 3685 trino
285 3647 355 3687 esse.
372 3631 439 3687 Nam
451 3633 474 3688 si
491 3634 517 3688 iu
532 3634 623 3705 aliquo
635 3635 753 3706 seipsum
767 3652 868 3708 cogno·
917 3646 1029 3706 possunt
1045 3637 1205 3708 transgredi.
1222 3638 1261 3692 lle
1279 3653 1330 3707 qua
1347 3648 1423 3708 parte
1435 3638 1631 3710 pbilosopbiae,
1645 3643 1710 3697 dum

76 3734 174 3787 sceret,
192 3738 245 3777 nou
260 3723 369 3779 omnino
384 3723 517 3779 inlinitum
530 3735 558 3780 et
569 3726 866 3797 incomprehensibilem
917 3728 950 3783 de
968 3729 1056 3802 reditu
1076 3744 1166 3785 rerrrm
1182 3729 1210 3784 in
1222 3744 1319 3785 sarisas
1337 3729 1579 3796 considerabimus,
1595 3732 1710 3805 diligen·

77 3811 354 3881 innominabilemque
369 3813 487 3882 seipsum
500 3814 641 3870 indicaret.
661 3815 695 3870 lb
708 3817 772 3887 quid
784 3818 868 3873 iuter·
918 3816 972 3871 tius
984 3817 1242 3885 tractabitur.,Nunc
1256 3827 1345 3871 auteur
1359 3818 1392 3872 de
1405 3832 1448 3879 eo,
1466 3819 1641 3888 eruedinum,
1657 3821 1708 3877 boe

76 3919 173 3977 rogas,
190 3907 293 3976 inqiut,
311 3921 408 3961 nomen
432 3908 539 3963 meum?
562 3908 596 3962 Et
615 3909 665 3963 boc
684 3919 727 3964 εει
749 3927 835 3979 genus
856 3911 868 3944 ⁸
917 3917 969 3973 est,
985 3909 1056 3977 qnod
1072 3909 1152 3973 Deus,
1171 3908 1237 3979 qnid
1253 3909 1298 3974 sit,
1318 3924 1370 3964 non
1391 3907 1527 3979 intelligit.
1544 3909 1707 3967 intucamur.

75 3996 211 4052 roimbile
224 3996 277 4050 elur
298 4012 387 4051 ιιειιιιε
407 3997 459 4052 Ιιοε
474 4013 536 4053 rere
557 4007 598 4053 est
620 3998 741 4053 ntirabile
756 4016 866 4069 nornen,
916 3999 950 4053 Et
964 3997 986 4029 '¹
999 4000 1032 4053 de
1045 3998 1096 4054 boe
1116 3999 1188 4070 quod
1207 4013 1337 4053 coutamur
1355 4002 1477 4061 suadere,
1493 3999 1557 4068 quiid
1573 4000 1619 4056 tibi
1636 4000 1709 4055 ride·

74 4087 147 4158 quod
168 4097 312 4158 estsuper
331 4104 412 4144 ornue
432 4104 542 4153 nomen,
565 4090 637 4158 quod
658 4089 865 4158 innominabile,
918 4097 961 4144 tur
980 4088 1013 4156 ¹³,
1028 4103 1081 4144 non
1105 4099 1132 4145 te
1153 4091 1252 4161 pudeat
1273 4089 1362 4145 interi.
1379 4087 1450 4145 bisc.
1471 4089 1510 4145 bu
1525 4091 1576 4146 bac
1591 4091 1711 4148 mirabili

73 4182 147 4250 quod
162 4179 237 4234 omni
253 4178 460 4248 supercollatum
483 4180 584 4234 nomini
601 4180 754 4243 nominato,
769 4181 826 4237 sire
839 4182 874 4236 in·
916 4179 1175 4252 dirinaignorantia,
1191 4196 1243 4251 quta
1256 4180 1527 4253 beosrrouintelligit,
1539 4182 1604 4252 quid
1618 4184 1639 4214 ¹¹
1652 4184 1709 4254 ipse

70 4270 167 4327 seculo
186 4270 250 4334 boc,
266 4270 323 4324 sire
340 4268 367 4322 in
385 4267 493 4324 tubiro?
512 4268 541 4324 Si
557 4285 623 4342 ergo
637 4272 758 4340 increpat
768 4286 866 4327 nornen
916 4272 1173 4342 situuaeatedicta
1184 4273 1545 4343 surrt,quamriscaliginosa,
1555 4282 1707 4328 nontamen

71 4377 153 4419 suum
169 4375 312 4429 urraercre,
327 4361 390 4431 qrriu
405 4375 486 4430 super
504 4375 584 4415 omno
601 4375 697 4415 nomeu
716 4370 773 4426 est,
788 4362 865 4417 iuno·
917 4362 996 4424 talsu,
1007 4361 1055 4417 sed
1066 4377 1139 4426 vera,
1150 4362 1440 4431 ueriquesimiliamibi
1450 4362 1533 4417 rideri
1545 4360 1707 4418 satcenllon

72 4451 215 4516 nrirmbile,
235 4450 311 4521 quiid,
335 4450 357 4505 si
377 4451 438 4520 quis
461 4463 573 4520 quaerat
594 4450 652 4519 ejus
674 4451 864 4515 substantiam,
882 4454 990 4541 neurim
1002 4453 1111 4521 ariades,
1119 4455 1202 4509 Deum
1212 4454 1329 4524 seipsum
1340 4454 1475 4523 ignorare,
1485 4451 1708 4509 sedsolumrnodo

70 4557 156 4613 quae,
182 4539 207 4594 si
229 4539 256 4594 in
278 4538 370 4608 aliquo
390 4539 466 4593 turrito
487 4550 569 4603 esset,
595 4539 670 4593 turrito
690 4540 798 4595 nomine
814 4556 866 4594 non
919 4547 1056 4618 ignorare,
1074 4545 1140 4617 quid
1158 4545 1204 4601 sit.
1219 4545 1253 4601 Et
1268 4546 1384 4607 merito,
1408 4545 1470 4614 quia
1488 4558 1542 4599 nou
1559 4552 1601 4600 est
1618 4544 1704 4623 quiid:

74 4632 205 4688 careret?
224 4630 358 4698 Quoniam
382 4644 447 4686 sero
466 4630 493 4684 in
514 4629 588 4685 nullo
607 4630 866 4700 substituitur,quia
918 4635 1039 4690 intbritns
1073 4635 1172 4705 quippe
1204 4645 1246 4689 est
1272 4642 1301 4687 et
1325 4633 1376 4687 sibi
1407 4632 1477 4701 ipsi,
1508 4639 1536 4686 ot
1560 4631 1707 4699 omuibus,

72 4722 199 4777 intinitns
216 4720 292 4776 oorrri
313 4721 496 4776 nominatione
518 4729 609 4786 caret,
637 4721 837 4779 innominabilis
855 4722 867 4754 ⁸
915 4741 984 4794 quiue
998 4725 1032 4779 ab
1040 4740 1073 4779 eo
1086 4734 1158 4780 sont.
1173 4723 1212 4779 tle
1224 4738 1273 4793 per
1292 4724 1343 4777 boo
1359 4722 1385 4795 iu
1400 4723 1451 4777 bae
1464 4721 1556 4792 specie
1575 4721 1704 4793 ignoran-

74 4824 124 4869 est.
139 4812 228 4869 Omne
242 4810 385 4881 siquidem,
405 4811 475 4880 quod
498 4810 525 4865 in
548 4810 639 4882 aliquo
651 4812 866 4867 substantialiter
916 4817 970 4871 tiae
982 4815 1152 4885 apertissime
1175 4813 1409 4883 pulcherrimeque
1435 4828 1541 4871 suurma
1557 4822 1586 4868 ct
1608 4812 1703 4868 inreba-

76 4902 243 4973 iutelligitur,
260 4901 297 4955 ita
311 4910 339 4956 ut
353 4904 462 4972 proprie
474 4902 506 4956 de
516 4917 549 4957 eo
560 4905 729 4972 praedicetur
739 4902 802 4972 quid
818 4904 861 4965 sit,
915 4905 977 4961 bilis
989 4905 1094 4961 arridet
1108 4905 1250 4975 sapientia.
1274 4905 1391 4959 Stultum
1405 4904 1478 4959 enirn
1491 4904 1540 4959 Ilei
1554 4903 1705 4975 sapientius

77 5007 164 5062 neqme
188 4992 295 5047 modum
325 5008 412 5062 neque
436 5008 589 5050 mensuram
617 4995 741 5050 excedit:
772 4994 862 5064 aliquo
915 4994 1707 5065 estborrrtnttms.strepuntttaqrretStuutsrtebcoturn-

78 5097 193 5154 umque
206 5084 297 5147 murto,
311 5097 365 5152 quo
378 5085 479 5147 tritor.
492 5083 774 5154 muetuutrur;uttuu
788 5100 862 5139 ωει-
915 5090 1060 5160 rogaverit,
1071 5098 1190 5160 qrranms
1200 5089 1240 5142 ret
1257 5088 1345 5159 arratis
1359 5088 1410 5149 stt.
1426 5104 1490 5142 nunu
1508 5088 1556 5143 utu
1578 5097 1650 5143 recu
1665 5090 1704 5142 u-

77 5189 151 5242 m,
164 5191 245 5246 qoam
255 5190 384 5246 superare
397 5192 450 5230 non
464 5184 562 5247 potest,
578 5176 694 5232 lineatur
706 5176 726 5231 ⁸.
747 5175 775 5231 Si
789 5176 861 5231 enirn
915 5179 1022 5234 debitur
1034 5179 1208 5248 responderi,
1227 5186 1317 5234 eunus
1329 5188 1358 5235 et
1379 5179 1457 5234 tatis?
1470 5177 1526 5231 lion
1549 5179 1620 5233 illam
1642 5178 1703 5233 dico

80 5263 198 5321 intimum
211 5266 239 5321 in
252 5274 348 5321 tratura
361 5281 451 5322 rerum
465 5266 613 5322 obtinuerit
626 5266 724 5331 locum,
739 5282 791 5338 uno
804 5282 862 5321 om·
916 5270 1096 5341 quarttitatem
1109 5277 1137 5324 et
1154 5268 1323 5338 qrrarlitutcm,
1342 5269 1375 5325 de
1394 5285 1446 5337 uua
1467 5267 1599 5336 l’roplreta
1613 5267 1679 5322 dicit
1693 5280 1702 5321 ι

718 5421 843 5477 vttttst:
863 5420 1064 5478 Lectiones,

115 5535 317 5594 *ominetur
355 5537 450 5592 ¹tlsi.
489 5535 721 5590 ’brerimimede
743 5534 806 5590 beo.
844 5535 856 5566 ⁸
874 5552 955 5605 petrns
976 5547 1031 5587 om.
1053 5533 1084 5586 o.
1124 5531 1300 5603 ‘Corrj.,AC
1320 5533 1382 5603 quio
1399 5530 1610 5589 innominabilis.
1647 5530 1701 5589 ‘G

84 5611 168 5664 tinent.
218 5606 268 5662 ’Δ
294 5607 466 5662 relaxaretur.
517 5604 784 5660 'terrenorum
845 5603 856 5635 ⁹
886 5608 932 5661 sed
964 5605 1111 5659 untrunlonr
1138 5631 1173 5644 -
1203 5613 1299 5659 stubun
1329 5616 1383 5655 orn.
1412 5601 1443 5656 C.
1499 5599 1521 5632 ¹⁰
1546 5602 1699 5658 Crourrct.

86 5680 104 5710 ¹¹
131 5680 175 5733 Sic
199 5676 238 5743 (ῖς
257 5678 402 5731 tincturae
418 5676 522 5731 ordines
540 5690 604 5729 erse.
660 5674 743 5731 ”Sic
763 5674 856 5729 AC.¹⁸
880 5675 1064 5731 Certendere.
1103 5673 1236 5728 uCnou.
1284 5670 1385 5742 '‘guod
1400 5670 1520 5725 Deus-
1539 5666 1573 5723 Et
1591 5673 1697 5730 om..C.

86 5749 106 5779 ¹‘
123 5749 168 5804 Sic
183 5744 220 5814 u,
236 5750 260 5805 Α
274 5745 401 5803 b‘tntrmn
420 5746 466 5801 tibi
486 5745 617 5817 probabile
633 5746 742 5813 uidetm,
755 5743 825 5814 aaroni
836 5746 1068 5802 conemurdrboc
1079 5746 1199 5810 suadere,
1211 5756 1264 5798 nou
1272 5753 1296 5798 tc
1304 5739 1401 5815 pedem
1420 5751 1471 5799 cet.
1511 5739 1532 5772 ¹¹
1543 5738 1565 5796 C
1578 5744 1657 5813 girolt.
