<?xml version="1.0" encoding="UTF-8"?>
<!DOCTYPE html PUBLIC "-//W3C//DTD XHTML 1.0 Transitional//EN"
    "http://www.w3.org/TR/xhtml1/DTD/xhtml1-transitional.dtd">
<html xmlns="http://www.w3.org/1999/xhtml" xml:lang="en" lang="en">
 <head>
  <title>
</title>
<meta http-equiv="Content-Type" content="text/html;charset=utf-8" />
  <meta name='ocr-system' content='tesseract 3.04.00' />
  <meta name='ocr-capabilities' content='ocr_page ocr_carea ocr_par ocr_line ocrx_word'/>
</head>
<body>
  <div class='ocr_page' id='page_1' title='image "./operaquaesupers01flosgoog_0015.png"; bbox 0 0 4167 6625; ppageno 0'>
   <div class='ocr_carea' id='block_1_1' title="bbox 135 374 1786 1322">
    <p class='ocr_par' dir='ltr' id='par_1_1' title="bbox 135 374 1786 1322">
     <span class='ocr_line' id='line_1_1' title="bbox 846 374 1764 449; baseline -0.003 -16"><span class='ocrx_word' id='word_1_1' title='bbox 846 374 1057 449; x_wconf 71' lang='lat' dir='ltr'><strong><em>PROOEllthl.</em></strong></span> <span class='ocrx_word' id='word_1_2' title='bbox 1732 385 1764 430; x_wconf 79' lang='lat' dir='ltr'><strong><em>ut</em></strong></span> 
     </span>
     <span class='ocr_line' id='line_1_2' title="bbox 135 489 1765 606; baseline -0.01 -19"><span class='ocrx_word' id='word_1_3' title='bbox 135 523 224 606; x_wconf 84' lang='lat' dir='ltr'><strong><em>pleni</em></strong></span> <span class='ocrx_word' id='word_1_4' title='bbox 269 517 397 583; x_wconf 87' lang='lat' dir='ltr'><strong><em>luminis</em></strong></span> <span class='ocrx_word' id='word_1_5' title='bbox 431 489 661 595; x_wconf 71' lang='lat' dir='ltr'><strong><em>praepersectae</em></strong></span> <span class='ocrx_word' id='word_1_6' title='bbox 690 508 917 590; x_wconf 69' lang='lat' dir='ltr'><strong><em>perfectionis,-</em></strong></span> <span class='ocrx_word' id='word_1_7' title='bbox 954 506 1064 569; x_wconf 85' lang='lat' dir='ltr'><strong><em>ctenim</em></strong></span> <span class='ocrx_word' id='word_1_8' title='bbox 1101 505 1182 568; x_wconf 85' lang='lat' dir='ltr'><strong><em>nihil</em></strong></span> <span class='ocrx_word' id='word_1_9' title='bbox 1220 506 1393 587; x_wconf 69' lang='lat' dir='ltr'><strong><em>perfectum</em></strong></span> <span class='ocrx_word' id='word_1_10' title='bbox 1427 514 1482 570; x_wconf 88' lang='lat' dir='ltr'><strong><em>ant</em></strong></span> <span class='ocrx_word' id='word_1_11' title='bbox 1521 525 1592 570; x_wconf 85' lang='lat' dir='ltr'><strong><em>non·</em></strong></span> <span class='ocrx_word' id='word_1_12' title='bbox 1622 505 1765 587; x_wconf 73' lang='lat' dir='ltr'><strong><em>indicens</em></strong></span> 
     </span>
     <span class='ocr_line' id='line_1_3' title="bbox 137 631 1767 718; baseline -0.006 -13"><span class='ocrx_word' id='word_1_13' title='bbox 137 638 357 705; x_wconf 83' lang='lat' dir='ltr'><strong><em>uniuersaliter</em></strong></span> <span class='ocrx_word' id='word_1_14' title='bbox 378 633 608 716; x_wconf 70' lang='lat' dir='ltr'><strong><em>perfectionis,</em></strong></span> <span class='ocrx_word' id='word_1_15' title='bbox 637 632 702 694; x_wconf 88' lang='lat' dir='ltr'><strong><em>nisi</em></strong></span> <span class='ocrx_word' id='word_1_16' title='bbox 732 649 802 692; x_wconf 88' lang='lat' dir='ltr'><strong><em>uere</em></strong></span> <span class='ocrx_word' id='word_1_17' title='bbox 826 647 885 710; x_wconf 91' lang='lat' dir='ltr'><strong><em>per</em></strong></span> <span class='ocrx_word' id='word_1_18' title='bbox 906 648 938 690; x_wconf 85' lang='lat' dir='ltr'><strong><em>se</em></strong></span> <span class='ocrx_word' id='word_1_19' title='bbox 963 632 1139 711; x_wconf 72' lang='lat' dir='ltr'><strong><em>perfectum</em></strong></span> <span class='ocrx_word' id='word_1_20' title='bbox 1166 636 1193 691; x_wconf 90' lang='lat' dir='ltr'><strong><em>et</em></strong></span> <span class='ocrx_word' id='word_1_21' title='bbox 1219 633 1478 718; x_wconf 78' lang='lat' dir='ltr'><strong><em>praepersectum.</em></strong></span> <span class='ocrx_word' id='word_1_22' title='bbox 1507 631 1583 711; x_wconf 81' lang='lat' dir='ltr'><strong><em>Cap.</em></strong></span> <span class='ocrx_word' id='word_1_23' title='bbox 1611 632 1669 692; x_wconf 84' lang='lat' dir='ltr'><strong><em>XI.</em></strong></span> <span class='ocrx_word' id='word_1_24' title='bbox 1690 631 1767 695; x_wconf 89' lang='lat' dir='ltr'><strong><em>lstir</em></strong></span> 
     </span>
     <span class='ocr_line' id='line_1_4' title="bbox 138 744 1768 833; baseline -0.01 -1"><span class='ocrx_word' id='word_1_25' title='bbox 138 744 243 831; x_wconf 46' lang='lat' dir='ltr'><strong><em>sstem</em></strong></span> <span class='ocrx_word' id='word_1_26' title='bbox 268 760 480 827; x_wconf 71' lang='lat' dir='ltr'><strong><em>determinatis</em></strong></span> <span class='ocrx_word' id='word_1_27' title='bbox 516 751 600 816; x_wconf 89' lang='lat' dir='ltr'><strong><em>illud</em></strong></span> <span class='ocrx_word' id='word_1_28' title='bbox 633 751 762 833; x_wconf 79' lang='lat' dir='ltr'><strong><em>dipnum</em></strong></span> <span class='ocrx_word' id='word_1_29' title='bbox 799 750 981 826; x_wconf 89' lang='lat' dir='ltr'><strong><em>attendere,</em></strong></span> <span class='ocrx_word' id='word_1_30' title='bbox 1013 755 1150 830; x_wconf 90' lang='lat' dir='ltr'><strong><em>propter</em></strong></span> <span class='ocrx_word' id='word_1_31' title='bbox 1184 765 1276 828; x_wconf 81' lang='lat' dir='ltr'><strong><em>quam</em></strong></span> <span class='ocrx_word' id='word_1_32' title='bbox 1311 768 1435 810; x_wconf 90' lang='lat' dir='ltr'><strong><em>causam</em></strong></span> <span class='ocrx_word' id='word_1_33' title='bbox 1475 752 1636 814; x_wconf 85' lang='lat' dir='ltr'><strong><em>uniuersas</em></strong></span> <span class='ocrx_word' id='word_1_34' title='bbox 1673 752 1768 815; x_wconf 87' lang='lat' dir='ltr'><strong><em>simul</em></strong></span> 
     </span>
     <span class='ocr_line' id='line_1_5' title="bbox 139 850 1768 967; baseline -0.007 -19"><span class='ocrx_word' id='word_1_35' title='bbox 139 884 295 967; x_wconf 82' lang='lat' dir='ltr'><strong><em>onpelicas</em></strong></span> <span class='ocrx_word' id='word_1_36' title='bbox 311 880 501 945; x_wconf 80' lang='lat' dir='ltr'><strong><em>substautias</em></strong></span> <span class='ocrx_word' id='word_1_37' title='bbox 528 850 669 943; x_wconf 82' lang='lat' dir='ltr'><strong><em>caelestes</em></strong></span> <span class='ocrx_word' id='word_1_38' title='bbox 700 878 833 939; x_wconf 82' lang='lat' dir='ltr'><strong><em>virtutes</em></strong></span> <span class='ocrx_word' id='word_1_39' title='bbox 864 893 976 937; x_wconf 87' lang='lat' dir='ltr'><strong><em>uocare</em></strong></span> <span class='ocrx_word' id='word_1_40' title='bbox 999 873 1226 949; x_wconf 74' lang='lat' dir='ltr'><strong><em>consuevimus,</em></strong></span> <span class='ocrx_word' id='word_1_41' title='bbox 1252 878 1313 936; x_wconf 72' lang='lat' dir='ltr'><strong><em>cel,</em></strong></span> <span class='ocrx_word' id='word_1_42' title='bbox 1341 873 1467 936; x_wconf 86' lang='lat' dir='ltr'><strong><em>Fiuilur</em></strong></span> <span class='ocrx_word' id='word_1_43' title='bbox 1498 875 1605 938; x_wconf 87' lang='lat' dir='ltr'><strong><em>verbis</em></strong></span> <span class='ocrx_word' id='word_1_44' title='bbox 1620 894 1628 935; x_wconf 76' lang='grc' dir='ltr'><strong>ι</strong></span> <span class='ocrx_word' id='word_1_45' title='bbox 1645 874 1768 937; x_wconf 90' lang='lat' dir='ltr'><strong><em>eandem</em></strong></span> 
     </span>
     <span class='ocr_line' id='line_1_6' title="bbox 140 995 1767 1077; baseline -0.004 -11"><span class='ocrx_word' id='word_1_46' title='bbox 140 1009 243 1065; x_wconf 87' lang='lat' dir='ltr'><strong><em>autem</em></strong></span> <span class='ocrx_word' id='word_1_47' title='bbox 263 1001 412 1062; x_wconf 82' lang='lat' dir='ltr'><strong><em>uirtutem</em></strong></span> <span class='ocrx_word' id='word_1_48' title='bbox 450 995 623 1077; x_wconf 89' lang='lat' dir='ltr'><strong><em>praedictis</em></strong></span> <span class='ocrx_word' id='word_1_49' title='bbox 661 996 805 1058; x_wconf 74' lang='lat' dir='ltr'><strong><em>habentia</em></strong></span> <span class='ocrx_word' id='word_1_50' title='bbox 838 996 1107 1075; x_wconf 71' lang='lat' dir='ltr'><strong><em>praetermisimus</em></strong></span> <span class='ocrx_word' id='word_1_51' title='bbox 1130 1003 1158 1057; x_wconf 89' lang='lat' dir='ltr'><strong><em>ct</em></strong></span> <span class='ocrx_word' id='word_1_52' title='bbox 1186 996 1513 1059; x_wconf 83' lang='lat' dir='ltr'><strong><em>commensurationem</em></strong></span> <span class='ocrx_word' id='word_1_53' title='bbox 1538 997 1579 1077; x_wconf 89' lang='lat' dir='ltr'><strong><em>(a.</em></strong></span> <span class='ocrx_word' id='word_1_54' title='bbox 1608 1016 1652 1060; x_wconf 89' lang='lat' dir='ltr'><strong><em>m.</em></strong></span> <span class='ocrx_word' id='word_1_55' title='bbox 1685 1012 1767 1061; x_wconf 83' lang='lat' dir='ltr'><strong><em>corr.</em></strong></span> 
     </span>
     <span class='ocr_line' id='line_1_7' title="bbox 141 1116 1771 1199; baseline -0.002 -15"><span class='ocrx_word' id='word_1_56' title='bbox 141 1116 414 1199; x_wconf 81' lang='lat' dir='ltr'><strong><em>camensurationi)</em></strong></span> <span class='ocrx_word' id='word_1_57' title='bbox 444 1119 593 1181; x_wconf 85' lang='lat' dir='ltr'><strong><em>sermonis</em></strong></span> <span class='ocrx_word' id='word_1_58' title='bbox 621 1117 840 1199; x_wconf 85' lang='lat' dir='ltr'><strong><em>procidentes,</em></strong></span> <span class='ocrx_word' id='word_1_59' title='bbox 871 1125 898 1178; x_wconf 86' lang='lat' dir='ltr'><strong><em>ct</em></strong></span> <span class='ocrx_word' id='word_1_60' title='bbox 930 1134 1025 1197; x_wconf 89' lang='lat' dir='ltr'><strong><em>super</em></strong></span> <span class='ocrx_word' id='word_1_61' title='bbox 1052 1136 1111 1179; x_wconf 93' lang='lat' dir='ltr'><strong><em>nos</em></strong></span> <span class='ocrx_word' id='word_1_62' title='bbox 1140 1116 1298 1180; x_wconf 89' lang='lat' dir='ltr'><strong><em>occultum</em></strong></span> <span class='ocrx_word' id='word_1_63' title='bbox 1326 1117 1451 1181; x_wconf 90' lang='lat' dir='ltr'><strong><em>silentio</em></strong></span> <span class='ocrx_word' id='word_1_64' title='bbox 1477 1125 1665 1182; x_wconf 82' lang='lat' dir='ltr'><strong><em>uenerantes.</em></strong></span> <span class='ocrx_word' id='word_1_65' title='bbox 1694 1119 1771 1182; x_wconf 79' lang='lat' dir='ltr'><strong><em>Ea-</em></strong></span> 
     </span>
     <span class='ocr_line' id='line_1_8' title="bbox 138 1238 1786 1322; baseline 0 -18"><span class='ocrx_word' id='word_1_66' title='bbox 138 1241 236 1322; x_wconf 89' lang='lat' dir='ltr'><strong><em>plicit</em></strong></span> <span class='ocrx_word' id='word_1_67' title='bbox 266 1240 345 1302; x_wconf 89' lang='lat' dir='ltr'><strong><em>liher</em></strong></span> <span class='ocrx_word' id='word_1_68' title='bbox 368 1238 449 1300; x_wconf 82' lang='lat' dir='ltr'><strong><em>beati</em></strong></span> <span class='ocrx_word' id='word_1_69' title='bbox 479 1239 625 1320; x_wconf 77' lang='lat' dir='ltr'><strong><em>Dionysii</em></strong></span> <span class='ocrx_word' id='word_1_70' title='bbox 648 1241 787 1320; x_wconf 83' lang='lat' dir='ltr'><strong><em>episcopi</em></strong></span> <span class='ocrx_word' id='word_1_71' title='bbox 809 1240 1002 1302; x_wconf 72' lang='lat' dir='ltr'><strong><em>Athenarum</em></strong></span> <span class='ocrx_word' id='word_1_72' title='bbox 1026 1261 1066 1303; x_wconf 77' lang='lat' dir='ltr'><strong><em>ca·</em></strong></span> <span class='ocrx_word' id='word_1_73' title='bbox 1091 1242 1296 1322; x_wconf 82' lang='lat' dir='ltr'><strong><em>Areopapitls</em></strong></span> <span class='ocrx_word' id='word_1_74' title='bbox 1326 1242 1363 1304; x_wconf 87' lang='lat' dir='ltr'><strong><em>de</em></strong></span> <span class='ocrx_word' id='word_1_75' title='bbox 1390 1241 1698 1312; x_wconf 84' lang='lat' dir='ltr'><strong><em>caelestilerorchia.</em></strong></span> <span class='ocrx_word' id='word_1_76' title='bbox 1781 1262 1786 1278; x_wconf 92' lang='lat'><strong>·</strong></span> 
     </span>
    </p>
   </div>
   <div class='ocr_carea' id='block_1_2' title="bbox 139 1331 1772 1561">
    <p class='ocr_par' dir='ltr' id='par_1_2' title="bbox 139 1331 1772 1561">
     <span class='ocr_line' id='line_1_9' title="bbox 179 1331 1768 1444; baseline -0.005 -10"><span class='ocrx_word' id='word_1_77' title='bbox 179 1372 211 1434; x_wconf 73' lang='lat'><strong><em>2.</em></strong></span> <span class='ocrx_word' id='word_1_78' title='bbox 236 1369 293 1434; x_wconf 83' lang='lat' dir='ltr'><strong><em>fol</em></strong></span> <span class='ocrx_word' id='word_1_79' title='bbox 321 1370 427 1444; x_wconf 77' lang='lat'><strong><em>5,-1</em></strong></span> <span class='ocrx_word' id='word_1_80' title='bbox 438 1368 525 1442; x_wconf 64' lang='lat' dir='ltr'><strong><em>inp.</em></strong></span> <span class='ocrx_word' id='word_1_81' title='bbox 549 1363 684 1427; x_wconf 81' lang='lat' dir='ltr'><strong><em>Ioannis</em></strong></span> <span class='ocrx_word' id='word_1_82' title='bbox 708 1363 856 1425; x_wconf 84' lang='lat' dir='ltr'><strong><em>Saraceni</em></strong></span> <span class='ocrx_word' id='word_1_83' title='bbox 881 1363 983 1425; x_wconf 85' lang='lat' dir='ltr'><strong><em>versio</em></strong></span> <span class='ocrx_word' id='word_1_84' title='bbox 1011 1334 1235 1425; x_wconf 87' lang='lat' dir='ltr'><strong><em>ecclesiasticae</em></strong></span> <span class='ocrx_word' id='word_1_85' title='bbox 1261 1331 1449 1426; x_wconf 76' lang='lat' dir='ltr'><strong><em>lerarchiae</em></strong></span> <span class='ocrx_word' id='word_1_86' title='bbox 1476 1360 1647 1424; x_wconf 82' lang='lat' dir='ltr'><strong><em>Orditnsa</em></strong></span> <span class='ocrx_word' id='word_1_87' title='bbox 1672 1363 1768 1427; x_wconf 86' lang='lat' dir='ltr'><strong><em>tilulo</em></strong></span> 
     </span>
     <span class='ocr_line' id='line_1_10' title="bbox 139 1452 1772 1561; baseline -0.005 -10"><span class='ocrx_word' id='word_1_88' title='bbox 139 1485 393 1551; x_wconf 67' lang='lat' dir='ltr'><strong><em>ministorne</em></strong></span> <span class='ocrx_word' id='word_1_89' title='bbox 422 1482 629 1547; x_wconf 80' lang='lat' dir='ltr'><strong><em>ecclesiastica</em></strong></span> <span class='ocrx_word' id='word_1_90' title='bbox 654 1479 826 1544; x_wconf 77' lang='lat' dir='ltr'><strong><em>ierarchia</em></strong></span> <span class='ocrx_word' id='word_1_91' title='bbox 849 1480 971 1559; x_wconf 89' lang='lat' dir='ltr'><strong><em>lncipit</em></strong></span> <span class='ocrx_word' id='word_1_92' title='bbox 992 1480 1147 1561; x_wconf 76' lang='lat' dir='ltr'><strong><em>prolapus</em></strong></span> <span class='ocrx_word' id='word_1_93' title='bbox 1175 1477 1310 1543; x_wconf 81' lang='lat' dir='ltr'><strong><em>Ioannis</em></strong></span> <span class='ocrx_word' id='word_1_94' title='bbox 1342 1452 1490 1542; x_wconf 82' lang='lat' dir='ltr'><strong><em>Saraceni</em></strong></span> <span class='ocrx_word' id='word_1_95' title='bbox 1518 1477 1560 1540; x_wconf 88' lang='lat' dir='ltr'><strong><em>ad</em></strong></span> <span class='ocrx_word' id='word_1_96' title='bbox 1586 1478 1772 1559; x_wconf 79' lang='lat' dir='ltr'><strong><em>noapistrum</em></strong></span> 
     </span>
    </p>
   </div>
   <div class='ocr_carea' id='block_1_3' title="bbox 138 1602 1773 1933">
    <p class='ocr_par' dir='ltr' id='par_1_3' title="bbox 138 1602 1773 1933">
     <span class='ocr_line' id='line_1_11' title="bbox 138 1602 1771 1684; baseline 0.001 -17"><span class='ocrx_word' id='word_1_97' title='bbox 138 1607 292 1669; x_wconf 66' lang='lat' dir='ltr'><strong><em>,loannem</em></strong></span> <span class='ocrx_word' id='word_1_98' title='bbox 312 1604 349 1667; x_wconf 88' lang='lat' dir='ltr'><strong><em>de</em></strong></span> <span class='ocrx_word' id='word_1_99' title='bbox 374 1604 552 1670; x_wconf 85' lang='lat' dir='ltr'><strong><em>Saraheriir</em></strong></span> <span class='ocrx_word' id='word_1_100' title='bbox 581 1602 618 1668; x_wconf 91' lang='lat' dir='ltr'><strong><em>de</em></strong></span> <span class='ocrx_word' id='word_1_101' title='bbox 647 1602 855 1665; x_wconf 88' lang='lat' dir='ltr'><strong><em>ecclesiastica</em></strong></span> <span class='ocrx_word' id='word_1_102' title='bbox 884 1603 1057 1666; x_wconf 88' lang='lat' dir='ltr'><strong><em>lerarchia.</em></strong></span> <span class='ocrx_word' id='word_1_103' title='bbox 1098 1604 1177 1665; x_wconf 87' lang='lat' dir='ltr'><strong><em>Post</em></strong></span> <span class='ocrx_word' id='word_1_104' title='bbox 1213 1604 1452 1667; x_wconf 81' lang='lat' dir='ltr'><strong><em>trarsslatianem</em></strong></span> <span class='ocrx_word' id='word_1_105' title='bbox 1484 1603 1640 1684; x_wconf 72' lang='lat' dir='ltr'><strong><em>annelicae</em></strong></span> <span class='ocrx_word' id='word_1_106' title='bbox 1663 1607 1771 1669; x_wconf 82' lang='lat' dir='ltr'><strong><em>teror·</em></strong></span> 
     </span>
     <span class='ocr_line' id='line_1_12' title="bbox 139 1724 1773 1808; baseline 0.003 -18"><span class='ocrx_word' id='word_1_107' title='bbox 139 1727 228 1791; x_wconf 85' lang='lat' dir='ltr'><strong><em>chiae</em></strong></span> <span class='ocrx_word' id='word_1_108' title='bbox 252 1726 489 1791; x_wconf 83' lang='lat' dir='ltr'><strong><em>trarulationem</em></strong></span> <span class='ocrx_word' id='word_1_109' title='bbox 509 1725 732 1791; x_wconf 85' lang='lat' dir='ltr'><strong><em>ecclesiasticae</em></strong></span> <span class='ocrx_word' id='word_1_110' title='bbox 746 1724 869 1800; x_wconf 81' lang='lat' dir='ltr'><strong><em>distuli,</em></strong></span> <span class='ocrx_word' id='word_1_111' title='bbox 892 1725 1141 1805; x_wconf 69' lang='lat' dir='ltr'><strong><em>sonarciagam</em></strong></span> <span class='ocrx_word' id='word_1_112' title='bbox 1169 1727 1286 1807; x_wconf 81' lang='lat' dir='ltr'><strong><em>excipit</em></strong></span> <span class='ocrx_word' id='word_1_113' title='bbox 1302 1728 1421 1803; x_wconf 83' lang='lat' dir='ltr'><strong><em>versio,</em></strong></span> <span class='ocrx_word' id='word_1_114' title='bbox 1451 1743 1534 1808; x_wconf 82' lang='lat' dir='ltr'><strong><em>quaa</em></strong></span> <span class='ocrx_word' id='word_1_115' title='bbox 1562 1727 1610 1791; x_wconf 86' lang='lat' dir='ltr'><strong><em>sic</em></strong></span> <span class='ocrx_word' id='word_1_116' title='bbox 1634 1729 1773 1795; x_wconf 73' lang='lat' dir='ltr'><strong><em>linitur.¹</em></strong></span> 
     </span>
     <span class='ocr_line' id='line_1_13' title="bbox 138 1844 1772 1933; baseline -0.005 -13"><span class='ocrx_word' id='word_1_117' title='bbox 138 1851 244 1920; x_wconf 79' lang='lat' dir='ltr'><strong><em>Trade</em></strong></span> <span class='ocrx_word' id='word_1_118' title='bbox 258 1851 372 1933; x_wconf 82' lang='lat' dir='ltr'><strong><em>ipitur,</em></strong></span> <span class='ocrx_word' id='word_1_119' title='bbox 391 1851 530 1923; x_wconf 89' lang='lat' dir='ltr'><strong><em>oamice,</em></strong></span> <span class='ocrx_word' id='word_1_120' title='bbox 559 1856 587 1910; x_wconf 91' lang='lat' dir='ltr'><strong><em>et</em></strong></span> <span class='ocrx_word' id='word_1_121' title='bbox 615 1849 682 1928; x_wconf 92' lang='lat' dir='ltr'><strong><em>ipse</em></strong></span> <span class='ocrx_word' id='word_1_122' title='bbox 703 1846 780 1908; x_wconf 87' lang='lat' dir='ltr'><strong><em>mihi</em></strong></span> <span class='ocrx_word' id='word_1_123' title='bbox 792 1847 1007 1927; x_wconf 72' lang='lat' dir='ltr'><strong><em>perfectiorem</em></strong></span> <span class='ocrx_word' id='word_1_124' title='bbox 1036 1844 1309 1921; x_wconf 74' lang='lat' dir='ltr'><strong><em>illuminationem,</em></strong></span> <span class='ocrx_word' id='word_1_125' title='bbox 1340 1854 1368 1907; x_wconf 93' lang='lat' dir='ltr'><strong><em>et</em></strong></span> <span class='ocrx_word' id='word_1_126' title='bbox 1394 1852 1536 1909; x_wconf 90' lang='lat' dir='ltr'><strong><em>monstra</em></strong></span> <span class='ocrx_word' id='word_1_127' title='bbox 1557 1847 1632 1909; x_wconf 86' lang='lat' dir='ltr'><strong><em>meis</em></strong></span> <span class='ocrx_word' id='word_1_128' title='bbox 1658 1845 1772 1925; x_wconf 88' lang='lat' dir='ltr'><strong><em>oculis,</em></strong></span> 
     </span>
    </p>
   </div>
   <div class='ocr_carea' id='block_1_4' title="bbox 140 1966 1775 2414">
    <p class='ocr_par' dir='ltr' id='par_1_4' title="bbox 140 1966 1775 2297">
     <span class='ocr_line' id='line_1_14' title="bbox 141 1966 1775 2057; baseline -0.001 -21"><span class='ocrx_word' id='word_1_129' title='bbox 141 1994 218 2057; x_wconf 80' lang='lat' dir='ltr'><strong><em>quor</em></strong></span> <span class='ocrx_word' id='word_1_130' title='bbox 230 1973 335 2037; x_wconf 86' lang='lat' dir='ltr'><strong><em>ridere</em></strong></span> <span class='ocrx_word' id='word_1_131' title='bbox 348 1974 451 2054; x_wconf 89' lang='lat' dir='ltr'><strong><em>possis</em></strong></span> <span class='ocrx_word' id='word_1_132' title='bbox 466 1970 728 2036; x_wconf 88' lang='lat' dir='ltr'><strong><em>conomicntiores</em></strong></span> <span class='ocrx_word' id='word_1_133' title='bbox 741 1966 995 2049; x_wconf 84' lang='lat' dir='ltr'><strong><em>pulchritudines</em></strong></span> <span class='ocrx_word' id='word_1_134' title='bbox 1010 1976 1038 2029; x_wconf 93' lang='lat' dir='ltr'><strong><em>et</em></strong></span> <span class='ocrx_word' id='word_1_135' title='bbox 1056 1970 1300 2051; x_wconf 73' lang='lat' dir='ltr'><strong><em>uniformiores;</em></strong></span> <span class='ocrx_word' id='word_1_136' title='bbox 1316 1970 1438 2052; x_wconf 69' lang='lat' dir='ltr'><strong><em>confido</em></strong></span> <span class='ocrx_word' id='word_1_137' title='bbox 1468 1971 1559 2045; x_wconf 90' lang='lat' dir='ltr'><strong><em>enim,</em></strong></span> <span class='ocrx_word' id='word_1_138' title='bbox 1574 1970 1661 2051; x_wconf 79' lang='lat' dir='ltr'><strong><em>quod</em></strong></span> <span class='ocrx_word' id='word_1_139' title='bbox 1675 1989 1775 2053; x_wconf 90' lang='lat' dir='ltr'><strong><em>prae-</em></strong></span> 
     </span>
     <span class='ocr_line' id='line_1_15' title="bbox 147 2087 1773 2178; baseline 0.003 -25"><span class='ocrx_word' id='word_1_140' title='bbox 147 2091 234 2156; x_wconf 89' lang='lat' dir='ltr'><strong><em>dicto</em></strong></span> <span class='ocrx_word' id='word_1_141' title='bbox 250 2107 304 2173; x_wconf 81' lang='lat' dir='ltr'><strong><em>epo</em></strong></span> <span class='ocrx_word' id='word_1_142' title='bbox 318 2094 472 2173; x_wconf 86' lang='lat' dir='ltr'><strong><em>repositas</em></strong></span> <span class='ocrx_word' id='word_1_143' title='bbox 499 2094 533 2154; x_wconf 89' lang='lat' dir='ltr'><strong><em>in</em></strong></span> <span class='ocrx_word' id='word_1_144' title='bbox 546 2099 575 2154; x_wconf 89' lang='lat' dir='ltr'><strong><em>te</em></strong></span> <span class='ocrx_word' id='word_1_145' title='bbox 596 2091 699 2153; x_wconf 85' lang='lat' dir='ltr'><strong><em>divini</em></strong></span> <span class='ocrx_word' id='word_1_146' title='bbox 725 2089 809 2169; x_wconf 80' lang='lat' dir='ltr'><strong><em>ipnis</em></strong></span> <span class='ocrx_word' id='word_1_147' title='bbox 834 2087 996 2150; x_wconf 81' lang='lat' dir='ltr'><strong><em>accendam</em></strong></span> <span class='ocrx_word' id='word_1_148' title='bbox 1015 2089 1181 2153; x_wconf 91' lang='lat' dir='ltr'><strong><em>scintillas.</em></strong></span> <span class='ocrx_word' id='word_1_149' title='bbox 1200 2088 1348 2169; x_wconf 76' lang='lat' dir='ltr'><strong><em>Explicit</em></strong></span> <span class='ocrx_word' id='word_1_150' title='bbox 1364 2091 1444 2156; x_wconf 84' lang='lat' dir='ltr'><strong><em>liber</em></strong></span> <span class='ocrx_word' id='word_1_151' title='bbox 1457 2096 1605 2178; x_wconf 71' lang='lat' dir='ltr'><strong><em>Dionysii</em></strong></span> <span class='ocrx_word' id='word_1_152' title='bbox 1628 2099 1773 2178; x_wconf 79' lang='lat' dir='ltr'><strong><em>Areopa-</em></strong></span> 
     </span>
     <span class='ocr_line' id='line_1_16' title="bbox 140 2206 1770 2297; baseline -0.001 -20"><span class='ocrx_word' id='word_1_153' title='bbox 140 2215 226 2297; x_wconf 79' lang='lat' dir='ltr'><strong><em>pilae</em></strong></span> <span class='ocrx_word' id='word_1_154' title='bbox 239 2214 380 2294; x_wconf 85' lang='lat' dir='ltr'><strong><em>episcopi</em></strong></span> <span class='ocrx_word' id='word_1_155' title='bbox 406 2212 598 2275; x_wconf 76' lang='lat' dir='ltr'><strong><em>Athenarum</em></strong></span> <span class='ocrx_word' id='word_1_156' title='bbox 636 2207 677 2270; x_wconf 93' lang='lat' dir='ltr'><strong><em>ad</em></strong></span> <span class='ocrx_word' id='word_1_157' title='bbox 720 2206 913 2269; x_wconf 86' lang='lat' dir='ltr'><strong><em>Timotheum</em></strong></span> <span class='ocrx_word' id='word_1_158' title='bbox 944 2208 1124 2287; x_wconf 86' lang='lat' dir='ltr'><strong><em>episcopum</em></strong></span> <span class='ocrx_word' id='word_1_159' title='bbox 1149 2208 1266 2288; x_wconf 85' lang='lat' dir='ltr'><strong><em>Ephesi</em></strong></span> <span class='ocrx_word' id='word_1_160' title='bbox 1295 2210 1331 2270; x_wconf 89' lang='lat' dir='ltr'><strong><em>de</em></strong></span> <span class='ocrx_word' id='word_1_161' title='bbox 1359 2212 1567 2276; x_wconf 88' lang='lat' dir='ltr'><strong><em>ecclesiastica</em></strong></span> <span class='ocrx_word' id='word_1_162' title='bbox 1601 2213 1770 2277; x_wconf 87' lang='lat' dir='ltr'><strong><em>ierarchia.</em></strong></span> 
     </span>
    </p>

    <p class='ocr_par' dir='ltr' id='par_1_5' title="bbox 181 2326 1773 2414">
     <span class='ocr_line' id='line_1_17' title="bbox 181 2326 1773 2414; baseline 0.002 -19"><span class='ocrx_word' id='word_1_163' title='bbox 181 2334 211 2395; x_wconf 82' lang='grc'><strong><em>3.</em></strong></span> <span class='ocrx_word' id='word_1_164' title='bbox 228 2331 408 2409; x_wconf 81' lang='lat' dir='ltr'><strong><em>sol.19,n-</em></strong></span> <span class='ocrx_word' id='word_1_165' title='bbox 425 2331 501 2405; x_wconf 61' lang='lat' dir='ltr'><strong><em>niul</em></strong></span> <span class='ocrx_word' id='word_1_166' title='bbox 525 2329 627 2394; x_wconf 87' lang='lat' dir='ltr'><strong><em>literis</em></strong></span> <span class='ocrx_word' id='word_1_167' title='bbox 642 2326 744 2391; x_wconf 89' lang='lat' dir='ltr'><strong><em>mullo</em></strong></span> <span class='ocrx_word' id='word_1_168' title='bbox 757 2326 937 2390; x_wconf 84' lang='lat' dir='ltr'><strong><em>minoribns</em></strong></span> <span class='ocrx_word' id='word_1_169' title='bbox 953 2332 984 2390; x_wconf 86' lang='lat' dir='ltr'><strong><em>et</em></strong></span> <span class='ocrx_word' id='word_1_170' title='bbox 1001 2327 1150 2406; x_wconf 83' lang='lat' dir='ltr'><strong><em>plurimis</em></strong></span> <span class='ocrx_word' id='word_1_171' title='bbox 1169 2329 1403 2394; x_wconf 81' lang='lat' dir='ltr'><strong><em>abbreviatoris</em></strong></span> <span class='ocrx_word' id='word_1_172' title='bbox 1422 2339 1575 2397; x_wconf 83' lang='lat' dir='ltr'><strong><em>tractatus</em></strong></span> <span class='ocrx_word' id='word_1_173' title='bbox 1588 2334 1773 2414; x_wconf 83' lang='lat' dir='ltr'><strong><em>anonymi,</em></strong></span> 
     </span>
    </p>
   </div>
   <div class='ocr_carea' id='block_1_5' title="bbox 120 2454 1779 3723">
    <p class='ocr_par' dir='ltr' id='par_1_6' title="bbox 120 2454 1779 3723">
     <span class='ocr_line' id='line_1_18' title="bbox 143 2454 1774 2545; baseline 0.001 -18"><span class='ocrx_word' id='word_1_174' title='bbox 143 2465 200 2545; x_wconf 88' lang='lat' dir='ltr'><strong><em>qui</em></strong></span> <span class='ocrx_word' id='word_1_175' title='bbox 212 2462 325 2543; x_wconf 85' lang='lat' dir='ltr'><strong><em>incipit</em></strong></span> <span class='ocrx_word' id='word_1_176' title='bbox 336 2478 355 2525; x_wconf 87' lang='lat' dir='ltr'><strong><em>a</em></strong></span> <span class='ocrx_word' id='word_1_177' title='bbox 365 2461 461 2525; x_wconf 88' lang='lat' dir='ltr'><strong><em>titulo</em></strong></span> <span class='ocrx_word' id='word_1_178' title='bbox 475 2460 608 2523; x_wconf 91' lang='lat' dir='ltr'><strong><em>miniato</em></strong></span> <span class='ocrx_word' id='word_1_179' title='bbox 622 2456 764 2538; x_wconf 87' lang='lat' dir='ltr'><strong><em>:Incipit</em></strong></span> <span class='ocrx_word' id='word_1_180' title='bbox 780 2454 908 2537; x_wconf 78' lang='lat' dir='ltr'><strong><em>quidam</em></strong></span> <span class='ocrx_word' id='word_1_181' title='bbox 925 2463 1080 2518; x_wconf 87' lang='lat' dir='ltr'><strong><em>tractatus</em></strong></span> <span class='ocrx_word' id='word_1_182' title='bbox 1093 2457 1204 2534; x_wconf 83' lang='lat' dir='ltr'><strong><em>honus,</em></strong></span> <span class='ocrx_word' id='word_1_183' title='bbox 1218 2459 1273 2538; x_wconf 80' lang='lat' dir='ltr'><strong><em>qui</em></strong></span> <span class='ocrx_word' id='word_1_184' title='bbox 1286 2467 1404 2520; x_wconf 90' lang='lat' dir='ltr'><strong><em>nonest</em></strong></span> <span class='ocrx_word' id='word_1_185' title='bbox 1418 2459 1454 2521; x_wconf 90' lang='lat' dir='ltr'><strong><em>de</em></strong></span> <span class='ocrx_word' id='word_1_186' title='bbox 1466 2459 1557 2524; x_wconf 80' lang='lat' dir='ltr'><strong><em>libris</em></strong></span> <span class='ocrx_word' id='word_1_187' title='bbox 1572 2464 1731 2545; x_wconf 75' lang='lat' dir='ltr'><strong><em>Dionysii,</em></strong></span> <span class='ocrx_word' id='word_1_188' title='bbox 1743 2472 1774 2528; x_wconf 89' lang='lat' dir='ltr'><strong><em>ct</em></strong></span> 
     </span>
     <span class='ocr_line' id='line_1_19' title="bbox 143 2588 1775 2689; baseline 0.002 -32"><span class='ocrx_word' id='word_1_189' title='bbox 143 2594 239 2658; x_wconf 88' lang='lat' dir='ltr'><strong><em>durat</em></strong></span> <span class='ocrx_word' id='word_1_190' title='bbox 253 2612 350 2676; x_wconf 83' lang='lat' dir='ltr'><strong><em>usque</em></strong></span> <span class='ocrx_word' id='word_1_191' title='bbox 374 2592 416 2653; x_wconf 89' lang='lat' dir='ltr'><strong><em>ad</em></strong></span> <span class='ocrx_word' id='word_1_192' title='bbox 434 2591 497 2656; x_wconf 83' lang='lat' dir='ltr'><strong><em>t⁷11</em></strong></span> <span class='ocrx_word' id='word_1_193' title='bbox 522 2591 637 2674; x_wconf 69' lang='lat' dir='ltr'><strong><em>folium</em></strong></span> <span class='ocrx_word' id='word_1_194' title='bbox 651 2590 696 2653; x_wconf 85' lang='lat' dir='ltr'><strong><em>ihi</em></strong></span> <span class='ocrx_word' id='word_1_195' title='bbox 712 2607 827 2651; x_wconf 91' lang='lat' dir='ltr'><strong><em>memor</em></strong></span> <span class='ocrx_word' id='word_1_196' title='bbox 848 2597 929 2689; x_wconf 61' lang='lat' dir='ltr'><strong><em>astru</em></strong></span> <span class='ocrx_word' id='word_1_197' title='bbox 945 2594 1005 2652; x_wconf 81' lang='lat' dir='ltr'><strong><em>cat.</em></strong></span> <span class='ocrx_word' id='word_1_198' title='bbox 1024 2588 1097 2671; x_wconf 82' lang='lat' dir='ltr'><strong><em>(alia</em></strong></span> <span class='ocrx_word' id='word_1_199' title='bbox 1113 2607 1227 2654; x_wconf 88' lang='lat' dir='ltr'><strong><em>manus</em></strong></span> <span class='ocrx_word' id='word_1_200' title='bbox 1244 2596 1317 2671; x_wconf 85' lang='lat' dir='ltr'><strong><em>post</em></strong></span> <span class='ocrx_word' id='word_1_201' title='bbox 1335 2608 1444 2655; x_wconf 83' lang='lat' dir='ltr'><strong><em>vocam</em></strong></span> <span class='ocrx_word' id='word_1_202' title='bbox 1462 2611 1577 2656; x_wconf 91' lang='lat' dir='ltr'><strong><em>memor</em></strong></span> <span class='ocrx_word' id='word_1_203' title='bbox 1596 2599 1775 2661; x_wconf 80' lang='lat' dir='ltr'><strong><em>atramento</em></strong></span> 
     </span>
     <span class='ocr_line' id='line_1_20' title="bbox 145 2720 1774 2808; baseline 0 -16"><span class='ocrx_word' id='word_1_204' title='bbox 145 2727 238 2808; x_wconf 74' lang='lat' dir='ltr'><strong><em>nigro</em></strong></span> <span class='ocrx_word' id='word_1_205' title='bbox 264 2743 360 2806; x_wconf 88' lang='lat' dir='ltr'><strong><em>supra</em></strong></span> <span class='ocrx_word' id='word_1_206' title='bbox 383 2725 486 2789; x_wconf 84' lang='lat' dir='ltr'><strong><em>adscr.</em></strong></span> <span class='ocrx_word' id='word_1_207' title='bbox 516 2720 670 2806; x_wconf 91' lang='lat' dir='ltr'><strong><em>hospitii),</em></strong></span> <span class='ocrx_word' id='word_1_208' title='bbox 696 2728 728 2784; x_wconf 90' lang='lat' dir='ltr'><strong><em>at</em></strong></span> <span class='ocrx_word' id='word_1_209' title='bbox 749 2721 874 2784; x_wconf 81' lang='lat' dir='ltr'><strong><em>orditur</em></strong></span> <span class='ocrx_word' id='word_1_210' title='bbox 890 2739 907 2783; x_wconf 93' lang='lat' dir='ltr'><strong><em>a</em></strong></span> <span class='ocrx_word' id='word_1_211' title='bbox 922 2721 1054 2785; x_wconf 82' lang='lat' dir='ltr'><strong><em>verbis:</em></strong></span> <span class='ocrx_word' id='word_1_212' title='bbox 1077 2721 1183 2784; x_wconf 88' lang='lat' dir='ltr'><strong><em>Omnis</em></strong></span> <span class='ocrx_word' id='word_1_213' title='bbox 1200 2725 1339 2804; x_wconf 78' lang='lat' dir='ltr'><strong><em>capnitio</em></strong></span> <span class='ocrx_word' id='word_1_214' title='bbox 1358 2732 1412 2788; x_wconf 90' lang='lat' dir='ltr'><strong><em>aut</em></strong></span> <span class='ocrx_word' id='word_1_215' title='bbox 1428 2734 1472 2787; x_wconf 89' lang='lat' dir='ltr'><strong><em>est</em></strong></span> <span class='ocrx_word' id='word_1_216' title='bbox 1491 2725 1639 2802; x_wconf 87' lang='lat' dir='ltr'><strong><em>initialis,</em></strong></span> <span class='ocrx_word' id='word_1_217' title='bbox 1659 2733 1715 2789; x_wconf 87' lang='lat' dir='ltr'><strong><em>aut</em></strong></span> <span class='ocrx_word' id='word_1_218' title='bbox 1733 2745 1774 2792; x_wconf 74' lang='lat' dir='ltr'><strong><em>ru</em></strong></span> 
     </span>
     <span class='ocr_line' id='line_1_21' title="bbox 142 2850 1774 2937; baseline 0.001 -17"><span class='ocrx_word' id='word_1_219' title='bbox 142 2855 368 2936; x_wconf 71' lang='lat' dir='ltr'><strong><em>prouentum·</em></strong></span> <span class='ocrx_word' id='word_1_220' title='bbox 381 2855 506 2937; x_wconf 74' lang='lat' dir='ltr'><strong><em>aliquas</em></strong></span> <span class='ocrx_word' id='word_1_221' title='bbox 525 2854 624 2916; x_wconf 92' lang='lat' dir='ltr'><strong><em>omnis</em></strong></span> <span class='ocrx_word' id='word_1_222' title='bbox 638 2860 741 2916; x_wconf 92' lang='lat' dir='ltr'><strong><em>autem</em></strong></span> <span class='ocrx_word' id='word_1_223' title='bbox 769 2850 906 2914; x_wconf 91' lang='lat' dir='ltr'><strong><em>initialis</em></strong></span> <span class='ocrx_word' id='word_1_224' title='bbox 922 2858 977 2913; x_wconf 93' lang='lat' dir='ltr'><strong><em>aut</em></strong></span> <span class='ocrx_word' id='word_1_225' title='bbox 993 2859 1037 2914; x_wconf 91' lang='lat' dir='ltr'><strong><em>est</em></strong></span> <span class='ocrx_word' id='word_1_226' title='bbox 1054 2851 1238 2932; x_wconf 79' lang='lat' dir='ltr'><strong><em>simpuloris,</em></strong></span> <span class='ocrx_word' id='word_1_227' title='bbox 1256 2860 1311 2914; x_wconf 89' lang='lat' dir='ltr'><strong><em>aut</em></strong></span> <span class='ocrx_word' id='word_1_228' title='bbox 1331 2854 1517 2918; x_wconf 76' lang='lat' dir='ltr'><strong><em>uniuersalis</em></strong></span> <span class='ocrx_word' id='word_1_229' title='bbox 1530 2877 1541 2927; x_wconf 90' lang='lat'><strong><em>,·</em></strong></span> <span class='ocrx_word' id='word_1_230' title='bbox 1556 2859 1586 2920; x_wconf 88' lang='lat' dir='ltr'><strong><em>si</em></strong></span> <span class='ocrx_word' id='word_1_231' title='bbox 1599 2854 1774 2937; x_wconf 78' lang='lat' dir='ltr'><strong><em>sinpulorir</em></strong></span> 
     </span>
     <span class='ocr_line' id='line_1_22' title="bbox 145 2981 1775 3067; baseline 0.001 -16"><span class='ocrx_word' id='word_1_232' title='bbox 145 2995 201 3067; x_wconf 85' lang='lat' dir='ltr'><strong><em>est,</em></strong></span> <span class='ocrx_word' id='word_1_233' title='bbox 216 2989 276 3052; x_wconf 90' lang='lat' dir='ltr'><strong><em>erit</em></strong></span> <span class='ocrx_word' id='word_1_234' title='bbox 292 3007 400 3052; x_wconf 84' lang='lat' dir='ltr'><strong><em>sensus</em></strong></span> <span class='ocrx_word' id='word_1_235' title='bbox 416 2989 480 3051; x_wconf 85' lang='lat' dir='ltr'><strong><em>siue</em></strong></span> <span class='ocrx_word' id='word_1_236' title='bbox 497 2986 764 3067; x_wconf 73' lang='lat' dir='ltr'><strong><em>experientiasioe</em></strong></span> <span class='ocrx_word' id='word_1_237' title='bbox 778 2985 936 3058; x_wconf 90' lang='lat' dir='ltr'><strong><em>memoria,</em></strong></span> <span class='ocrx_word' id='word_1_238' title='bbox 954 2985 984 3046; x_wconf 85' lang='lat' dir='ltr'><strong><em>ri</em></strong></span> <span class='ocrx_word' id='word_1_239' title='bbox 1002 2981 1201 3054; x_wconf 88' lang='lat' dir='ltr'><strong><em>uniuersalis,</em></strong></span> <span class='ocrx_word' id='word_1_240' title='bbox 1218 2984 1278 3044; x_wconf 88' lang='lat' dir='ltr'><strong><em>erit</em></strong></span> <span class='ocrx_word' id='word_1_241' title='bbox 1289 2984 1463 3046; x_wconf 84' lang='lat' dir='ltr'><strong><em>intellectus</em></strong></span> <span class='ocrx_word' id='word_1_242' title='bbox 1479 2994 1539 3051; x_wconf 83' lang='lat' dir='ltr'><strong><em>cet.</em></strong></span> <span class='ocrx_word' id='word_1_243' title='bbox 1559 2988 1686 3051; x_wconf 81' lang='lat' dir='ltr'><strong><em>Finitur</em></strong></span> <span class='ocrx_word' id='word_1_244' title='bbox 1707 2989 1775 3054; x_wconf 78' lang='lat' dir='ltr'><strong><em>sicr</em></strong></span> 
     </span>
     <span class='ocr_line' id='line_1_23' title="bbox 145 3112 1777 3201; baseline 0.002 -21"><span class='ocrx_word' id='word_1_245' title='bbox 145 3117 227 3180; x_wconf 81' lang='lat' dir='ltr'><strong><em>Sunt</em></strong></span> <span class='ocrx_word' id='word_1_246' title='bbox 241 3118 321 3179; x_wconf 87' lang='lat' dir='ltr'><strong><em>enim</em></strong></span> <span class='ocrx_word' id='word_1_247' title='bbox 336 3119 450 3199; x_wconf 75' lang='lat' dir='ltr'><strong><em>ampeli,</em></strong></span> <span class='ocrx_word' id='word_1_248' title='bbox 466 3121 520 3201; x_wconf 71' lang='lat' dir='ltr'><strong><em>oui</em></strong></span> <span class='ocrx_word' id='word_1_249' title='bbox 534 3119 591 3182; x_wconf 93' lang='lat' dir='ltr'><strong><em>hoc</em></strong></span> <span class='ocrx_word' id='word_1_250' title='bbox 607 3117 717 3181; x_wconf 89' lang='lat' dir='ltr'><strong><em>hahent</em></strong></span> <span class='ocrx_word' id='word_1_251' title='bbox 733 3120 766 3179; x_wconf 91' lang='lat' dir='ltr'><strong><em>in</em></strong></span> <span class='ocrx_word' id='word_1_252' title='bbox 789 3134 923 3190; x_wconf 90' lang='lat' dir='ltr'><strong><em>munere,</em></strong></span> <span class='ocrx_word' id='word_1_253' title='bbox 942 3121 978 3174; x_wconf 91' lang='lat' dir='ltr'><strong><em>ut</em></strong></span> <span class='ocrx_word' id='word_1_254' title='bbox 998 3129 1105 3174; x_wconf 90' lang='lat' dir='ltr'><strong><em>eorum</em></strong></span> <span class='ocrx_word' id='word_1_255' title='bbox 1121 3112 1298 3175; x_wconf 88' lang='lat' dir='ltr'><strong><em>ministerio</em></strong></span> <span class='ocrx_word' id='word_1_256' title='bbox 1313 3114 1391 3191; x_wconf 71' lang='lat' dir='ltr'><strong><em>hant</em></strong></span> <span class='ocrx_word' id='word_1_257' title='bbox 1413 3115 1584 3193; x_wconf 90' lang='lat' dir='ltr'><strong><em>miracula,</em></strong></span> <span class='ocrx_word' id='word_1_258' title='bbox 1601 3124 1629 3179; x_wconf 92' lang='lat' dir='ltr'><strong><em>et</em></strong></span> <span class='ocrx_word' id='word_1_259' title='bbox 1646 3119 1690 3182; x_wconf 82' lang='lat' dir='ltr'><strong><em>eis</em></strong></span> <span class='ocrx_word' id='word_1_260' title='bbox 1716 3139 1777 3184; x_wconf 90' lang='lat' dir='ltr'><strong><em>me·</em></strong></span> 
     </span>
     <span class='ocr_line' id='line_1_24' title="bbox 146 3241 1774 3327; baseline 0.002 -19"><span class='ocrx_word' id='word_1_261' title='bbox 146 3243 310 3308; x_wconf 86' lang='lat' dir='ltr'><strong><em>dianlihus</em></strong></span> <span class='ocrx_word' id='word_1_262' title='bbox 333 3247 411 3327; x_wconf 73' lang='lat' dir='ltr'><strong><em>pant</em></strong></span> <span class='ocrx_word' id='word_1_263' title='bbox 428 3250 559 3310; x_wconf 84' lang='lat' dir='ltr'><strong><em>virtutes</em></strong></span> <span class='ocrx_word' id='word_1_264' title='bbox 582 3248 616 3309; x_wconf 89' lang='lat' dir='ltr'><strong><em>in</em></strong></span> <span class='ocrx_word' id='word_1_265' title='bbox 639 3245 828 3309; x_wconf 86' lang='lat' dir='ltr'><strong><em>hominihus.</em></strong></span> <span class='ocrx_word' id='word_1_266' title='bbox 854 3244 900 3306; x_wconf 83' lang='lat' dir='ltr'><strong><em>Hi</em></strong></span> <span class='ocrx_word' id='word_1_267' title='bbox 923 3243 1120 3306; x_wconf 90' lang='lat' dir='ltr'><strong><em>constituunt</em></strong></span> <span class='ocrx_word' id='word_1_268' title='bbox 1142 3241 1299 3318; x_wconf 85' lang='lat' dir='ltr'><strong><em>ordinem,</em></strong></span> <span class='ocrx_word' id='word_1_269' title='bbox 1330 3243 1385 3325; x_wconf 81' lang='lat' dir='ltr'><strong><em>qui</em></strong></span> <span class='ocrx_word' id='word_1_270' title='bbox 1415 3243 1535 3306; x_wconf 87' lang='lat' dir='ltr'><strong><em>dicitur</em></strong></span> <span class='ocrx_word' id='word_1_271' title='bbox 1558 3245 1702 3309; x_wconf 84' lang='lat' dir='ltr'><strong><em>uirtutes.</em></strong></span> <span class='ocrx_word' id='word_1_272' title='bbox 1726 3247 1774 3312; x_wconf 85' lang='lat' dir='ltr'><strong><em>lli</em></strong></span> 
     </span>
     <span class='ocr_line' id='line_1_25' title="bbox 120 3368 1779 3460; baseline 0.001 -19"><span class='ocrx_word' id='word_1_273' title='bbox 120 3368 131 3382; x_wconf 59' lang='lat'>⁸</span> <span class='ocrx_word' id='word_1_274' title='bbox 147 3378 252 3442; x_wconf 84' lang='lat' dir='ltr'><strong><em>adesse</em></strong></span> <span class='ocrx_word' id='word_1_275' title='bbox 265 3377 436 3441; x_wconf 89' lang='lat' dir='ltr'><strong><em>traduntur</em></strong></span> <span class='ocrx_word' id='word_1_276' title='bbox 450 3379 485 3441; x_wconf 91' lang='lat' dir='ltr'><strong><em>in</em></strong></span> <span class='ocrx_word' id='word_1_277' title='bbox 499 3379 608 3456; x_wconf 89' lang='lat' dir='ltr'><strong><em>altari,</em></strong></span> <span class='ocrx_word' id='word_1_278' title='bbox 624 3396 693 3440; x_wconf 91' lang='lat' dir='ltr'><strong><em>cum</em></strong></span> <span class='ocrx_word' id='word_1_279' title='bbox 707 3378 800 3460; x_wconf 90' lang='lat' dir='ltr'><strong><em>panis</em></strong></span> <span class='ocrx_word' id='word_1_280' title='bbox 823 3385 965 3439; x_wconf 89' lang='lat' dir='ltr'><strong><em>mutatur</em></strong></span> <span class='ocrx_word' id='word_1_281' title='bbox 977 3376 1012 3437; x_wconf 92' lang='lat' dir='ltr'><strong><em>in</em></strong></span> <span class='ocrx_word' id='word_1_282' title='bbox 1035 3392 1152 3454; x_wconf 85' lang='lat' dir='ltr'><strong><em>corpus</em></strong></span> <span class='ocrx_word' id='word_1_283' title='bbox 1166 3372 1298 3438; x_wconf 87' lang='lat' dir='ltr'><strong><em>Christi.</em></strong></span> <span class='ocrx_word' id='word_1_284' title='bbox 1313 3374 1358 3436; x_wconf 85' lang='lat' dir='ltr'><strong><em>De</em></strong></span> <span class='ocrx_word' id='word_1_285' title='bbox 1375 3392 1481 3437; x_wconf 90' lang='lat' dir='ltr'><strong><em>eorum</em></strong></span> <span class='ocrx_word' id='word_1_286' title='bbox 1498 3378 1658 3440; x_wconf 91' lang='lat' dir='ltr'><strong><em>consortia</em></strong></span> <span class='ocrx_word' id='word_1_287' title='bbox 1686 3387 1779 3443; x_wconf 88' lang='lat' dir='ltr'><strong><em>erunt</em></strong></span> 
     </span>
     <span class='ocr_line' id='line_1_26' title="bbox 148 3504 1776 3593; baseline 0.002 -21"><span class='ocrx_word' id='word_1_288' title='bbox 148 3509 209 3585; x_wconf 90' lang='lat' dir='ltr'><strong><em>illi,</em></strong></span> <span class='ocrx_word' id='word_1_289' title='bbox 224 3508 338 3592; x_wconf 84' lang='lat' dir='ltr'><strong><em>quihus</em></strong></span> <span class='ocrx_word' id='word_1_290' title='bbox 355 3507 569 3590; x_wconf 88' lang='lat' dir='ltr'><strong><em>spiritualiter</em></strong></span> <span class='ocrx_word' id='word_1_291' title='bbox 586 3505 694 3568; x_wconf 89' lang='lat' dir='ltr'><strong><em>datum</em></strong></span> <span class='ocrx_word' id='word_1_292' title='bbox 709 3507 800 3587; x_wconf 82' lang='lat' dir='ltr'><strong><em>quasi</em></strong></span> <span class='ocrx_word' id='word_1_293' title='bbox 818 3504 985 3587; x_wconf 90' lang='lat' dir='ltr'><strong><em>spirituali</em></strong></span> <span class='ocrx_word' id='word_1_294' title='bbox 1001 3523 1137 3580; x_wconf 90' lang='lat' dir='ltr'><strong><em>munere,</em></strong></span> <span class='ocrx_word' id='word_1_295' title='bbox 1155 3506 1431 3587; x_wconf 69' lang='lat' dir='ltr'><strong><em>faceremiracula.</em></strong></span> <span class='ocrx_word' id='word_1_296' title='bbox 1446 3507 1532 3571; x_wconf 83' lang='lat' dir='ltr'><strong><em>Huic</em></strong></span> <span class='ocrx_word' id='word_1_297' title='bbox 1550 3507 1660 3573; x_wconf 88' lang='lat' dir='ltr'><strong><em>ordini</em></strong></span> <span class='ocrx_word' id='word_1_298' title='bbox 1675 3529 1776 3593; x_wconf 87' lang='lat' dir='ltr'><strong><em>oppa·</em></strong></span> 
     </span>
     <span class='ocr_line' id='line_1_27' title="bbox 145 3638 1779 3723; baseline 0.001 -14"><span class='ocrx_word' id='word_1_299' title='bbox 145 3647 241 3711; x_wconf 75' lang='lat' dir='ltr'><strong><em>rhum</em></strong></span> <span class='ocrx_word' id='word_1_300' title='bbox 268 3650 312 3706; x_wconf 91' lang='lat' dir='ltr'><strong><em>est</em></strong></span> <span class='ocrx_word' id='word_1_301' title='bbox 342 3640 425 3706; x_wconf 88' lang='lat' dir='ltr'><strong><em>illud</em></strong></span> <span class='ocrx_word' id='word_1_302' title='bbox 448 3639 612 3721; x_wconf 78' lang='lat' dir='ltr'><strong><em>callepium</em></strong></span> <span class='ocrx_word' id='word_1_303' title='bbox 648 3638 840 3716; x_wconf 89' lang='lat' dir='ltr'><strong><em>daemonum,</em></strong></span> <span class='ocrx_word' id='word_1_304' title='bbox 878 3639 1051 3702; x_wconf 88' lang='lat' dir='ltr'><strong><em>ministerio</em></strong></span> <span class='ocrx_word' id='word_1_305' title='bbox 1080 3657 1213 3720; x_wconf 82' lang='lat' dir='ltr'><strong><em>quarum</em></strong></span> <span class='ocrx_word' id='word_1_306' title='bbox 1245 3641 1326 3721; x_wconf 73' lang='lat' dir='ltr'><strong><em>hunt</em></strong></span> <span class='ocrx_word' id='word_1_307' title='bbox 1357 3642 1535 3723; x_wconf 78' lang='lat' dir='ltr'><strong><em>praestipia</em></strong></span> <span class='ocrx_word' id='word_1_308' title='bbox 1567 3642 1610 3705; x_wconf 92' lang='lat' dir='ltr'><strong><em>ad</em></strong></span> <span class='ocrx_word' id='word_1_309' title='bbox 1640 3644 1779 3711; x_wconf 82' lang='lat' dir='ltr'><strong><em>homines</em></strong></span> 
     </span>
    </p>
   </div>
   <div class='ocr_carea' id='block_1_6' title="bbox 147 3773 1779 3857">
    <p class='ocr_par' dir='ltr' id='par_1_7' title="bbox 147 3773 1779 3857">
     <span class='ocr_line' id='line_1_28' title="bbox 147 3773 1779 3857; baseline 0.002 -14"><span class='ocrx_word' id='word_1_310' title='bbox 147 3776 337 3844; x_wconf 85' lang='lat' dir='ltr'><strong><em>illudendos.</em></strong></span> <span class='ocrx_word' id='word_1_311' title='bbox 355 3777 400 3839; x_wconf 80' lang='lat' dir='ltr'><strong><em>De</em></strong></span> <span class='ocrx_word' id='word_1_312' title='bbox 425 3794 531 3840; x_wconf 80' lang='lat' dir='ltr'><strong><em>comem</em></strong></span> <span class='ocrx_word' id='word_1_313' title='bbox 556 3776 715 3839; x_wconf 88' lang='lat' dir='ltr'><strong><em>consortio</em></strong></span> <span class='ocrx_word' id='word_1_314' title='bbox 740 3774 787 3837; x_wconf 86' lang='lat' dir='ltr'><strong><em>rel</em></strong></span> <span class='ocrx_word' id='word_1_315' title='bbox 813 3782 966 3840; x_wconf 84' lang='lat' dir='ltr'><strong><em>conuentu</em></strong></span> <span class='ocrx_word' id='word_1_316' title='bbox 987 3783 1077 3837; x_wconf 87' lang='lat' dir='ltr'><strong><em>erunt</em></strong></span> <span class='ocrx_word' id='word_1_317' title='bbox 1107 3773 1169 3850; x_wconf 87' lang='lat' dir='ltr'><strong><em>illi,</em></strong></span> <span class='ocrx_word' id='word_1_318' title='bbox 1188 3774 1244 3855; x_wconf 80' lang='lat' dir='ltr'><strong><em>qui</em></strong></span> <span class='ocrx_word' id='word_1_319' title='bbox 1268 3776 1455 3857; x_wconf 77' lang='lat' dir='ltr'><strong><em>praestipiis</em></strong></span> <span class='ocrx_word' id='word_1_320' title='bbox 1479 3783 1507 3839; x_wconf 89' lang='lat' dir='ltr'><strong><em>et</em></strong></span> <span class='ocrx_word' id='word_1_321' title='bbox 1529 3775 1779 3846; x_wconf 74' lang='lat' dir='ltr'><strong><em>divinationibus</em></strong></span> 
     </span>
    </p>
   </div>
   <div class='ocr_carea' id='block_1_7' title="bbox 147 3904 1781 3989">
    <p class='ocr_par' dir='ltr' id='par_1_8' title="bbox 147 3904 1781 3989">
     <span class='ocr_line' id='line_1_29' title="bbox 147 3904 1781 3989; baseline 0.001 -14"><span class='ocrx_word' id='word_1_322' title='bbox 147 3911 336 3982; x_wconf 71' lang='lat' dir='ltr'><strong><em>intendunt:</em></strong></span> <span class='ocrx_word' id='word_1_323' title='bbox 351 3908 496 3973; x_wconf 89' lang='lat' dir='ltr'><strong><em>ordinate</em></strong></span> <span class='ocrx_word' id='word_1_324' title='bbox 510 3915 613 3971; x_wconf 90' lang='lat' dir='ltr'><strong><em>autem</em></strong></span> <span class='ocrx_word' id='word_1_325' title='bbox 626 3904 823 3988; x_wconf 89' lang='lat' dir='ltr'><strong><em>praedictum</em></strong></span> <span class='ocrx_word' id='word_1_326' title='bbox 838 3907 980 3968; x_wconf 88' lang='lat' dir='ltr'><strong><em>insinuat</em></strong></span> <span class='ocrx_word' id='word_1_327' title='bbox 1000 3906 1126 3987; x_wconf 86' lang='lat' dir='ltr'><strong><em>primur</em></strong></span> <span class='ocrx_word' id='word_1_328' title='bbox 1144 3904 1300 3967; x_wconf 89' lang='lat' dir='ltr'><strong><em>articulus</em></strong></span> <span class='ocrx_word' id='word_1_329' title='bbox 1324 3905 1558 3989; x_wconf 86' lang='lat' dir='ltr'><strong><em>descriptionis,</em></strong></span> <span class='ocrx_word' id='word_1_330' title='bbox 1573 3927 1643 3970; x_wconf 89' lang='lat' dir='ltr'><strong><em>eum</em></strong></span> <span class='ocrx_word' id='word_1_331' title='bbox 1659 3910 1781 3978; x_wconf 91' lang='lat' dir='ltr'><strong><em>dicitur</em></strong></span> 
     </span>
    </p>
   </div>
   <div class='ocr_carea' id='block_1_8' title="bbox 147 4034 1780 4378">
    <p class='ocr_par' dir='ltr' id='par_1_9' title="bbox 147 4034 1780 4378">
     <span class='ocr_line' id='line_1_30' title="bbox 147 4034 1780 4127; baseline 0.002 -21"><span class='ocrx_word' id='word_1_332' title='bbox 147 4060 203 4107; x_wconf 81' lang='lat' dir='ltr'><strong><em>nec</em></strong></span> <span class='ocrx_word' id='word_1_333' title='bbox 230 4041 348 4123; x_wconf 72' lang='lat' dir='ltr'><strong><em>leuibus</em></strong></span> <span class='ocrx_word' id='word_1_334' title='bbox 379 4057 558 4103; x_wconf 89' lang='lat' dir='ltr'><strong><em>occurrens.</em></strong></span> <span class='ocrx_word' id='word_1_335' title='bbox 587 4037 748 4102; x_wconf 85' lang='lat' dir='ltr'><strong><em>Praedicti</em></strong></span> <span class='ocrx_word' id='word_1_336' title='bbox 775 4046 877 4099; x_wconf 89' lang='lat' dir='ltr'><strong><em>autem</em></strong></span> <span class='ocrx_word' id='word_1_337' title='bbox 907 4034 1010 4116; x_wconf 80' lang='lat' dir='ltr'><strong><em>ampeli</em></strong></span> <span class='ocrx_word' id='word_1_338' title='bbox 1046 4054 1100 4098; x_wconf 94' lang='lat' dir='ltr'><strong><em>nec</em></strong></span> <span class='ocrx_word' id='word_1_339' title='bbox 1128 4034 1247 4116; x_wconf 78' lang='lat' dir='ltr'><strong><em>lepidus</em></strong></span> <span class='ocrx_word' id='word_1_340' title='bbox 1280 4045 1465 4114; x_wconf 89' lang='lat' dir='ltr'><strong><em>accurrunt,</em></strong></span> <span class='ocrx_word' id='word_1_341' title='bbox 1497 4042 1613 4124; x_wconf 83' lang='lat' dir='ltr'><strong><em>quippe</em></strong></span> <span class='ocrx_word' id='word_1_342' title='bbox 1644 4052 1780 4127; x_wconf 88' lang='lat' dir='ltr'><strong><em>propter</em></strong></span> 
     </span>
     <span class='ocr_line' id='line_1_31' title="bbox 152 4163 1778 4250; baseline 0.002 -16"><span class='ocrx_word' id='word_1_343' title='bbox 152 4170 259 4250; x_wconf 69' lang='lat' dir='ltr'><strong><em>lopun,</em></strong></span> <span class='ocrx_word' id='word_1_344' title='bbox 276 4188 330 4233; x_wconf 89' lang='lat' dir='ltr'><strong><em>nec</em></strong></span> <span class='ocrx_word' id='word_1_345' title='bbox 351 4168 449 4233; x_wconf 81' lang='lat' dir='ltr'><strong><em>multo</em></strong></span> <span class='ocrx_word' id='word_1_346' title='bbox 466 4166 622 4231; x_wconf 89' lang='lat' dir='ltr'><strong><em>miracula</em></strong></span> <span class='ocrx_word' id='word_1_347' title='bbox 634 4167 767 4248; x_wconf 66' lang='lat' dir='ltr'><strong><em>faciunt.</em></strong></span> <span class='ocrx_word' id='word_1_348' title='bbox 782 4167 865 4230; x_wconf 82' lang='lat' dir='ltr'><strong><em>Sunt</em></strong></span> <span class='ocrx_word' id='word_1_349' title='bbox 883 4174 909 4226; x_wconf 90' lang='lat' dir='ltr'><strong><em>et</em></strong></span> <span class='ocrx_word' id='word_1_350' title='bbox 929 4163 987 4227; x_wconf 92' lang='lat' dir='ltr'><strong><em>alii</em></strong></span> <span class='ocrx_word' id='word_1_351' title='bbox 1007 4164 1123 4245; x_wconf 77' lang='lat' dir='ltr'><strong><em>ampeli,</em></strong></span> <span class='ocrx_word' id='word_1_352' title='bbox 1144 4165 1200 4246; x_wconf 80' lang='lat' dir='ltr'><strong><em>qui</em></strong></span> <span class='ocrx_word' id='word_1_353' title='bbox 1214 4165 1272 4227; x_wconf 90' lang='lat' dir='ltr'><strong><em>hoc</em></strong></span> <span class='ocrx_word' id='word_1_354' title='bbox 1300 4175 1484 4248; x_wconf 87' lang='lat' dir='ltr'><strong><em>acceperunt</em></strong></span> <span class='ocrx_word' id='word_1_355' title='bbox 1514 4168 1550 4231; x_wconf 93' lang='lat' dir='ltr'><strong><em>in</em></strong></span> <span class='ocrx_word' id='word_1_356' title='bbox 1575 4187 1709 4235; x_wconf 87' lang='lat' dir='ltr'><strong><em>munere.</em></strong></span> <span class='ocrx_word' id='word_1_357' title='bbox 1727 4172 1778 4237; x_wconf 73' lang='lat' dir='ltr'><strong><em>Ad</em></strong></span> 
     </span>
     <span class='ocr_line' id='line_1_32' title="bbox 150 4295 963 4378; baseline -0.009 -14"><span class='ocrx_word' id='word_1_358' title='bbox 150 4297 328 4378; x_wconf 73' lang='lat' dir='ltr'><strong><em>marginem</em></strong></span> <span class='ocrx_word' id='word_1_359' title='bbox 344 4296 539 4377; x_wconf 83' lang='lat' dir='ltr'><strong><em>adscriptum</em></strong></span> <span class='ocrx_word' id='word_1_360' title='bbox 557 4296 692 4376; x_wconf 74' lang='lat' dir='ltr'><strong><em>legitur:</em></strong></span> <span class='ocrx_word' id='word_1_361' title='bbox 712 4295 815 4376; x_wconf 64' lang='lat' dir='ltr'><strong><em>deicit</em></strong></span> <span class='ocrx_word' id='word_1_362' title='bbox 829 4295 963 4376; x_wconf 82' lang='lat' dir='ltr'><strong><em>aliquid.</em></strong></span> 
     </span>
    </p>
   </div>
   <div class='ocr_carea' id='block_1_9' title="bbox 151 4442 1782 4793">
    <p class='ocr_par' dir='ltr' id='par_1_10' title="bbox 151 4442 1782 4793">
     <span class='ocr_line' id='line_1_33' title="bbox 190 4442 1782 4532; baseline 0.004 -17"><span class='ocrx_word' id='word_1_363' title='bbox 190 4450 325 4532; x_wconf 76' lang='lat' dir='ltr'><strong><em>Reliqua</em></strong></span> <span class='ocrx_word' id='word_1_364' title='bbox 340 4465 413 4530; x_wconf 86' lang='lat' dir='ltr'><strong><em>pars</em></strong></span> <span class='ocrx_word' id='word_1_365' title='bbox 428 4446 485 4511; x_wconf 88' lang='lat' dir='ltr'><strong><em>iol.</em></strong></span> <span class='ocrx_word' id='word_1_366' title='bbox 501 4448 554 4521; x_wconf 70' lang='lat' dir='ltr'><strong><em>hl,</em></strong></span> <span class='ocrx_word' id='word_1_367' title='bbox 571 4448 586 4507; x_wconf 91' lang='grc'><strong>1</strong></span> <span class='ocrx_word' id='word_1_368' title='bbox 605 4446 725 4526; x_wconf 80' lang='lat' dir='ltr'><strong><em>tegitur</em></strong></span> <span class='ocrx_word' id='word_1_369' title='bbox 746 4445 842 4508; x_wconf 78' lang='lat' dir='ltr'><strong><em>rebus</em></strong></span> <span class='ocrx_word' id='word_1_370' title='bbox 870 4443 993 4506; x_wconf 87' lang='lat' dir='ltr'><strong><em>nullius</em></strong></span> <span class='ocrx_word' id='word_1_371' title='bbox 1024 4442 1194 4518; x_wconf 78' lang='lat' dir='ltr'><strong><em>momenti,</em></strong></span> <span class='ocrx_word' id='word_1_372' title='bbox 1213 4460 1231 4504; x_wconf 86' lang='lat' dir='ltr'><strong><em>a</em></strong></span> <span class='ocrx_word' id='word_1_373' title='bbox 1250 4446 1422 4509; x_wconf 81' lang='lat' dir='ltr'><strong><em>reconliori</em></strong></span> <span class='ocrx_word' id='word_1_374' title='bbox 1446 4464 1542 4511; x_wconf 88' lang='lat' dir='ltr'><strong><em>manu</em></strong></span> <span class='ocrx_word' id='word_1_375' title='bbox 1565 4451 1683 4530; x_wconf 85' lang='lat' dir='ltr'><strong><em>pallido</em></strong></span> <span class='ocrx_word' id='word_1_376' title='bbox 1699 4458 1782 4522; x_wconf 83' lang='lat' dir='ltr'><strong><em>alra·</em></strong></span> 
     </span>
     <span class='ocr_line' id='line_1_34' title="bbox 151 4571 1781 4678; baseline 0.012 -44"><span class='ocrx_word' id='word_1_377' title='bbox 151 4588 260 4648; x_wconf 70' lang='lat' dir='ltr'><strong><em>manno</em></strong></span> <span class='ocrx_word' id='word_1_378' title='bbox 283 4577 425 4662; x_wconf 82' lang='lat' dir='ltr'><strong><em>pessime</em></strong></span> <span class='ocrx_word' id='word_1_379' title='bbox 444 4574 583 4641; x_wconf 79' lang='lat' dir='ltr'><strong><em>exaratis</em></strong></span> <span class='ocrx_word' id='word_1_380' title='bbox 598 4596 607 4652; x_wconf 80' lang='lat'>3</span> <span class='ocrx_word' id='word_1_381' title='bbox 623 4574 680 4639; x_wconf 87' lang='lat' dir='ltr'><strong><em>iol.</em></strong></span> <span class='ocrx_word' id='word_1_382' title='bbox 706 4574 794 4651; x_wconf 62' lang='lat' dir='ltr'><strong><em>utun</em></strong></span> <span class='ocrx_word' id='word_1_383' title='bbox 817 4571 911 4637; x_wconf 87' lang='lat' dir='ltr'><strong><em>dictis</em></strong></span> <span class='ocrx_word' id='word_1_384' title='bbox 925 4574 1110 4656; x_wconf 78' lang='lat' dir='ltr'><strong><em>Aupustini,</em></strong></span> <span class='ocrx_word' id='word_1_385' title='bbox 1125 4574 1296 4678; x_wconf 77' lang='lat' dir='ltr'><strong><em>recenliori</em></strong></span> <span class='ocrx_word' id='word_1_386' title='bbox 1315 4575 1378 4641; x_wconf 88' lang='lat' dir='ltr'><strong><em>alia</em></strong></span> <span class='ocrx_word' id='word_1_387' title='bbox 1401 4596 1498 4643; x_wconf 90' lang='lat' dir='ltr'><strong><em>manu</em></strong></span> <span class='ocrx_word' id='word_1_388' title='bbox 1514 4586 1692 4651; x_wconf 84' lang='lat' dir='ltr'><strong><em>atramento</em></strong></span> <span class='ocrx_word' id='word_1_389' title='bbox 1702 4586 1781 4652; x_wconf 85' lang='lat' dir='ltr'><strong><em>sutis</em></strong></span> 
     </span>
     <span class='ocr_line' id='line_1_35' title="bbox 152 4707 532 4793; baseline -0.005 -22"><span class='ocrx_word' id='word_1_390' title='bbox 152 4712 245 4793; x_wconf 71' lang='lat' dir='ltr'><strong><em>nigro</em></strong></span> <span class='ocrx_word' id='word_1_391' title='bbox 259 4708 378 4775; x_wconf 87' lang='lat' dir='ltr'><strong><em>malins</em></strong></span> <span class='ocrx_word' id='word_1_392' title='bbox 393 4707 532 4790; x_wconf 83' lang='lat' dir='ltr'><strong><em>scriptis.</em></strong></span> 
     </span>
    </p>
   </div>
   <div class='ocr_carea' id='block_1_10' title="bbox 158 5281 1886 5370">
    <p class='ocr_par' dir='ltr' id='par_1_11' title="bbox 158 5281 1886 5370">
     <span class='ocr_line' id='line_1_36' title="bbox 158 5281 1886 5370; baseline 0.001 -25"><span class='ocrx_word' id='word_1_393' title='bbox 158 5283 227 5360; x_wconf 77' lang='lat' dir='ltr'><strong><em>nm,</em></strong></span> <span class='ocrx_word' id='word_1_394' title='bbox 241 5290 273 5347; x_wconf 82' lang='lat' dir='ltr'><strong><em>ol</em></strong></span> <span class='ocrx_word' id='word_1_395' title='bbox 288 5282 429 5347; x_wconf 81' lang='lat' dir='ltr'><strong><em>orditur:</em></strong></span> <span class='ocrx_word' id='word_1_396' title='bbox 445 5282 565 5345; x_wconf 81' lang='lat' dir='ltr'><strong><em>hlemor</em></strong></span> <span class='ocrx_word' id='word_1_397' title='bbox 580 5281 714 5362; x_wconf 87' lang='lat' dir='ltr'><strong><em>hospitii</em></strong></span> <span class='ocrx_word' id='word_1_398' title='bbox 729 5290 756 5344; x_wconf 91' lang='lat' dir='ltr'><strong><em>et</em></strong></span> <span class='ocrx_word' id='word_1_399' title='bbox 773 5301 855 5345; x_wconf 89' lang='lat' dir='ltr'><strong><em>meae</em></strong></span> <span class='ocrx_word' id='word_1_400' title='bbox 876 5283 1055 5363; x_wconf 81' lang='lat' dir='ltr'><strong><em>sponsionis</em></strong></span> <span class='ocrx_word' id='word_1_401' title='bbox 1072 5282 1128 5346; x_wconf 89' lang='lat' dir='ltr'><strong><em>diu</em></strong></span> <span class='ocrx_word' id='word_1_402' title='bbox 1161 5281 1270 5345; x_wconf 90' lang='lat' dir='ltr'><strong><em>literas</em></strong></span> <span class='ocrx_word' id='word_1_403' title='bbox 1297 5293 1416 5347; x_wconf 81' lang='lat' dir='ltr'><strong><em>vertrae</em></strong></span> <span class='ocrx_word' id='word_1_404' title='bbox 1434 5286 1637 5351; x_wconf 79' lang='lat' dir='ltr'><strong><em>sublimitatis</em></strong></span> <span class='ocrx_word' id='word_1_405' title='bbox 1664 5307 1780 5370; x_wconf 79' lang='lat' dir='ltr'><strong><em>earpee</em></strong></span> <span class='ocrx_word' id='word_1_406' title='bbox 1880 5342 1886 5347; x_wconf 90' lang='lat'><em>.</em></span> 
     </span>
    </p>
   </div>
   <div class='ocr_carea' id='block_1_11' title="bbox 159 5410 1819 5766">
    <p class='ocr_par' dir='ltr' id='par_1_12' title="bbox 159 5410 1819 5766">
     <span class='ocr_line' id='line_1_37' title="bbox 161 5410 1819 5514; baseline 0.006 -38"><span class='ocrx_word' id='word_1_407' title='bbox 161 5414 239 5488; x_wconf 85' lang='lat' dir='ltr'><strong><em>tani,</em></strong></span> <span class='ocrx_word' id='word_1_408' title='bbox 258 5431 334 5494; x_wconf 83' lang='lat' dir='ltr'><strong><em>quas</em></strong></span> <span class='ocrx_word' id='word_1_409' title='bbox 348 5412 494 5494; x_wconf 78' lang='lat' dir='ltr'><strong><em>quoniam</em></strong></span> <span class='ocrx_word' id='word_1_410' title='bbox 524 5410 631 5473; x_wconf 92' lang='lat' dir='ltr'><strong><em>multis</em></strong></span> <span class='ocrx_word' id='word_1_411' title='bbox 661 5411 698 5473; x_wconf 91' lang='lat' dir='ltr'><strong><em>de</em></strong></span> <span class='ocrx_word' id='word_1_412' title='bbox 722 5413 826 5477; x_wconf 87' lang='lat' dir='ltr'><strong><em>causis</em></strong></span> <span class='ocrx_word' id='word_1_413' title='bbox 845 5429 908 5474; x_wconf 95' lang='lat' dir='ltr'><strong><em>non</em></strong></span> <span class='ocrx_word' id='word_1_414' title='bbox 935 5415 1054 5476; x_wconf 84' lang='lat' dir='ltr'><strong><em>misisse</em></strong></span> <span class='ocrx_word' id='word_1_415' title='bbox 1080 5416 1226 5494; x_wconf 88' lang='lat' dir='ltr'><strong><em>potestis,</em></strong></span> <span class='ocrx_word' id='word_1_416' title='bbox 1253 5418 1418 5496; x_wconf 84' lang='lat' dir='ltr'><strong><em>sponsioni</em></strong></span> <span class='ocrx_word' id='word_1_417' title='bbox 1452 5436 1533 5482; x_wconf 85' lang='lat' dir='ltr'><strong><em>meac</em></strong></span> <span class='ocrx_word' id='word_1_418' title='bbox 1558 5420 1697 5500; x_wconf 67' lang='lat' dir='ltr'><strong><em>satisfeci</em></strong></span> <span class='ocrx_word' id='word_1_419' title='bbox 1722 5430 1783 5488; x_wconf 82' lang='lat' dir='ltr'><strong><em>aot.</em></strong></span> <span class='ocrx_word' id='word_1_420' title='bbox 1813 5428 1819 5514; x_wconf 20' lang='grc' dir='ltr'><strong>ὲ</strong></span> 
     </span>
     <span class='ocr_line' id='line_1_38' title="bbox 159 5540 1785 5633; baseline 0.002 -21"><span class='ocrx_word' id='word_1_421' title='bbox 159 5547 287 5612; x_wconf 80' lang='lat' dir='ltr'><strong><em>Finitus</em></strong></span> <span class='ocrx_word' id='word_1_422' title='bbox 304 5546 427 5610; x_wconf 78' lang='lat' dir='ltr'><strong><em>verbis:</em></strong></span> <span class='ocrx_word' id='word_1_423' title='bbox 447 5550 475 5606; x_wconf 91' lang='lat' dir='ltr'><strong><em>et</em></strong></span> <span class='ocrx_word' id='word_1_424' title='bbox 488 5540 679 5605; x_wconf 90' lang='lat' dir='ltr'><strong><em>tradidimus</em></strong></span> <span class='ocrx_word' id='word_1_425' title='bbox 693 5551 721 5605; x_wconf 90' lang='lat' dir='ltr'><strong><em>et</em></strong></span> <span class='ocrx_word' id='word_1_426' title='bbox 739 5543 909 5622; x_wconf 89' lang='lat' dir='ltr'><strong><em>trademus,</em></strong></span> <span class='ocrx_word' id='word_1_427' title='bbox 927 5546 1008 5607; x_wconf 89' lang='lat' dir='ltr'><strong><em>sicut</em></strong></span> <span class='ocrx_word' id='word_1_428' title='bbox 1025 5544 1150 5625; x_wconf 83' lang='lat' dir='ltr'><strong><em>quidem</em></strong></span> <span class='ocrx_word' id='word_1_429' title='bbox 1173 5553 1202 5608; x_wconf 91' lang='lat' dir='ltr'><strong><em>et</em></strong></span> <span class='ocrx_word' id='word_1_430' title='bbox 1224 5565 1282 5609; x_wconf 87' lang='lat' dir='ltr'><strong><em>nor</em></strong></span> <span class='ocrx_word' id='word_1_431' title='bbox 1304 5566 1411 5610; x_wconf 92' lang='lat' dir='ltr'><strong><em>sumus</em></strong></span> <span class='ocrx_word' id='word_1_432' title='bbox 1427 5551 1612 5632; x_wconf 72' lang='lat' dir='ltr'><strong><em>sufficientes</em></strong></span> <span class='ocrx_word' id='word_1_433' title='bbox 1627 5551 1741 5633; x_wconf 87' lang='lat' dir='ltr'><strong><em>dicere,</em></strong></span> <span class='ocrx_word' id='word_1_434' title='bbox 1757 5562 1785 5617; x_wconf 87' lang='lat' dir='ltr'><strong><em>et</em></strong></span> 
     </span>
     <span class='ocr_line' id='line_1_39' title="bbox 159 5672 1786 5766; baseline 0.007 -30"><span class='ocrx_word' id='word_1_435' title='bbox 159 5674 273 5756; x_wconf 78' lang='lat' dir='ltr'><strong><em>quihus</em></strong></span> <span class='ocrx_word' id='word_1_436' title='bbox 289 5672 410 5738; x_wconf 85' lang='lat' dir='ltr'><strong><em>dicitur</em></strong></span> <span class='ocrx_word' id='word_1_437' title='bbox 425 5675 536 5738; x_wconf 88' lang='lat' dir='ltr'><strong><em>audire</em></strong></span> <span class='ocrx_word' id='word_1_438' title='bbox 552 5674 682 5749; x_wconf 89' lang='lat' dir='ltr'><strong><em>elnihil,</em></strong></span> <span class='ocrx_word' id='word_1_439' title='bbox 701 5675 870 5739; x_wconf 88' lang='lat' dir='ltr'><strong><em>traditioni</em></strong></span> <span class='ocrx_word' id='word_1_440' title='bbox 894 5677 1046 5739; x_wconf 89' lang='lat' dir='ltr'><strong><em>iniurium</em></strong></span> <span class='ocrx_word' id='word_1_441' title='bbox 1067 5679 1224 5760; x_wconf 71' lang='lat' dir='ltr'><strong><em>facientes,</em></strong></span> <span class='ocrx_word' id='word_1_442' title='bbox 1239 5678 1303 5741; x_wconf 79' lang='lat' dir='ltr'><strong><em>nisi</em></strong></span> <span class='ocrx_word' id='word_1_443' title='bbox 1323 5681 1459 5761; x_wconf 72' lang='lat' dir='ltr'><strong><em>forsitan</em></strong></span> <span class='ocrx_word' id='word_1_444' title='bbox 1486 5680 1528 5742; x_wconf 90' lang='lat' dir='ltr'><strong><em>nd</em></strong></span> <span class='ocrx_word' id='word_1_445' title='bbox 1550 5681 1786 5766; x_wconf 82' lang='lat' dir='ltr'><strong><em>inlellipentiam</em></strong></span> 
     </span>
    </p>
   </div>
   <div class='ocr_carea' id='block_1_12' title="bbox 159 5806 1775 5893">
    <p class='ocr_par' dir='ltr' id='par_1_13' title="bbox 159 5806 1775 5893">
     <span class='ocr_line' id='line_1_40' title="bbox 159 5806 1775 5893; baseline 0.006 -26"><span class='ocrx_word' id='word_1_446' title='bbox 159 5812 214 5867; x_wconf 87' lang='lat' dir='ltr'><strong><em>aut</em></strong></span> <span class='ocrx_word' id='word_1_447' title='bbox 229 5806 458 5889; x_wconf 72' lang='lat' dir='ltr'><strong><em>expositionem</em></strong></span> <span class='ocrx_word' id='word_1_448' title='bbox 476 5807 617 5886; x_wconf 88' lang='lat' dir='ltr'><strong><em>ipsorum</em></strong></span> <span class='ocrx_word' id='word_1_449' title='bbox 635 5808 842 5885; x_wconf 70' lang='lat' dir='ltr'><strong><em>infirmemur:</em></strong></span> <span class='ocrx_word' id='word_1_450' title='bbox 860 5813 912 5871; x_wconf 75' lang='lat' dir='ltr'><strong><em>rel</em></strong></span> <span class='ocrx_word' id='word_1_451' title='bbox 933 5814 987 5873; x_wconf 77' lang='lat' dir='ltr'><strong><em>lor</em></strong></span> <span class='ocrx_word' id='word_1_452' title='bbox 1000 5814 1132 5893; x_wconf 65' lang='lat' dir='ltr'><strong><em>panton,</em></strong></span> <span class='ocrx_word' id='word_1_453' title='bbox 1152 5812 1288 5892; x_wconf 83' lang='lat' dir='ltr'><strong><em>qualiter</em></strong></span> <span class='ocrx_word' id='word_1_454' title='bbox 1305 5810 1366 5871; x_wconf 87' lang='lat' dir='ltr'><strong><em>lleo</em></strong></span> <span class='ocrx_word' id='word_1_455' title='bbox 1382 5812 1441 5873; x_wconf 88' lang='lat' dir='ltr'><strong><em>erit</em></strong></span> <span class='ocrx_word' id='word_1_456' title='bbox 1465 5815 1609 5888; x_wconf 88' lang='lat' dir='ltr'><strong><em>amicum,</em></strong></span> <span class='ocrx_word' id='word_1_457' title='bbox 1628 5818 1715 5879; x_wconf 87' lang='lat' dir='ltr'><strong><em>itaet</em></strong></span> <span class='ocrx_word' id='word_1_458' title='bbox 1731 5816 1775 5885; x_wconf 78' lang='lat' dir='ltr'><strong><em>ha</em></strong></span> 
     </span>
    </p>
   </div>
   <div class='ocr_carea' id='block_1_13' title="bbox 0 0 2112 6625">
    <p class='ocr_par' dir='ltr' id='par_1_14' title="bbox 0 0 2112 6625">
     <span class='ocr_line' id='line_1_41' title="bbox 0 0 2112 6625; baseline 0 0"><span class='ocrx_word' id='word_1_459' title='bbox 0 0 2112 6625; x_wconf 95' lang='lat' dir='ltr'><strong><em> </em></strong></span> 
     </span>
    </p>
   </div>
  </div>
 </body>
</html>
