4167 6625
312 361 355 428 π
897 357 1028 416 anuum
1046 355 1163 412 uttAEt
1184 353 1370 413 PRAEi'ATlD
1644 349 1649 360 '
1915 356 1951 414 Ἀ

318 481 390 553 quood
403 480 447 537 bio
460 475 578 537 loannes
586 475 724 536 ilibernus
734 479 815 535 toties
827 477 947 541 dicatum
963 476 990 531 id
1005 475 1108 540 evenit,
1123 480 1146 537 Α
1160 473 1367 545 probabilitate,
1392 473 1550 544 magistram
1571 472 1702 529 loannem
1722 485 1785 528 cora
1798 485 1850 529 suo
1866 471 1949 528 disci·

318 571 447 640 pisoniano
462 569 612 626 studiorum
630 569 718 640 gratia
738 568 764 623 iu
784 584 815 624 ea
828 577 908 639 gente
927 566 972 622 dio
986 574 1111 620 uersatus
1160 565 1224 636 polo
1241 566 1310 620 lianc
1326 566 1487 638 legationem
1501 565 1611 621 obiisse.
1628 564 1758 621 Audierat
1770 563 1890 620 loannes
1904 579 1950 634 per

318 669 389 725 erat,
404 674 475 730 qaae
489 667 553 716 tane
569 657 650 731 (Pap.
666 661 695 733 a)
711 659 842 730 temporis
858 655 1110 715 bonarumlittera·
1160 654 1307 711 Falconem
1332 656 1526 726 (nortmanno
1550 655 1620 720 882,
1645 654 1878 724 arehiepiscopum
1902 653 1952 709 lie·

319 754 501 811 rumoliiciua
527 755 587 810 luit.
616 754 717 810 lissam
740 755 767 810 in
791 752 861 810 libro
881 755 914 808 de
937 750 1055 821 Regibus
1075 765 1108 806 es
1161 759 1298 808 1111111111,
1324 759 1410 814 rrrrper
1435 745 1560 800 abbslem
1586 742 1792 813 Dertluianum)
1817 744 1853 798 de
1880 742 1951 800 11111

318 847 435 914 quiedam
447 844 559 915 antiquo
572 845 706 916 scriptore
721 843 772 901 ista
788 845 822 900 do
834 843 963 899 Hibernia
977 841 1108 912 prolert:
1160 831 1307 892 Grimlraldi
1335 836 1501 902 Dertiniani3
1527 837 1610 893 redux
1638 835 1683 890 ille
1709 835 1736 890 in
1755 833 1883 905 Angltam
1904 850 1951 890 aa·

319 934 472 1007 duplicauit
498 934 594 990 studiis
621 936 754 1005 impensis
769 932 844 1006 [per
868 933 1028 1002 Gregorium
1048 931 1058 986 t
1076 932 1111 986 ab
1160 931 1201 998 uos
1219 928 1272 984 883
1297 925 1422 983 tellredo
1450 928 1578 985 eumdem
1604 927 1858 984 commendauerat:
1885 925 1951 983 ilinc

317 1021 460 1092 augustini
482 1022 629 1096 tempore]
652 1024 762 1094 florebat
785 1024 896 1079 scientio
917 1024 946 1077 in
969 1022 1062 1080 Scotio
1085 1032 1110 1077 et
1160 1026 1275 1089 11111111
1290 1027 1332 1075 est
1349 1019 1393 1074 illa
1408 1018 1506 1090 legatio
1519 1033 1593 1075 anuo
1608 1019 1651 1074 rel
1669 1016 1780 1073 circiter
1792 1015 1863 1081 88&
1889 1030 1949 1071 11111

318 1112 467 1180 llibcroiu‚·
492 1124 549 1168 erat
571 1130 631 1170 osro
650 1113 778 1170 llilsrnio
796 1115 877 1169 totius
903 1124 966 1168 tuuc
987 1113 1110 1168 scientiae
1160 1108 1262 1179 1111111Ιὶ1
1282 1107 1851 1165 11111Β1ἰη1111111111111110885·1111(11118
1870 1114 1950 1170 111111.

316 1202 510 1270 promtuarium
522 1213 546 1256 et
557 1202 678 1258 alumna.
690 1202 733 1258 itt
744 1204 863 1258 studebat
878 1202 907 1258 S.
923 1203 1024 1270 liedda,
1036 1205 1110 1274 priora
1161 1214 1194 1252 ne
1206 1199 1267 1268 titiis
1294 1199 1451 1260 existimet.
1479 1197 1621 1269 Erigonum
1645 1198 1697 1252 boe
1719 1197 1747 1251 in
1775 1204 1901 1266 tempore
1925 1196 1950 1250 ia

318 1290 349 1346 8.
381 1292 477 1345 sidoni
511 1289 651 1361 Lindipsr.
687 1293 800 1363 episcopt
825 1293 989 1359 sosipatro,
1020 1305 1110 1362 posteo
1160 1288 1254 1344 Galliis
1277 1289 1504 1346 tuaestwsm
1519 1291 1571 1346 hae
1585 1288 1750 1359 dereplura
1764 1304 1843 1344 mox.

318 1378 444 1442 liborum,
460 1388 484 1434 et
495 1380 600 1434 demum
611 1379 764 1437 biadassiae
783 1393 807 1437 et
823 1381 904 1437 totius
920 1382 1034 1437 llercios
1056 1385 1111 1453 epi·
1196 1381 1315 1450 Denique
1328 1380 1422 1450 quaeri
1432 1381 1468 1434 alr
1488 1380 1521 1435 iis
1538 1386 1644 1450 pota-st,
1663 1379 1710 1448 qui
1728 1377 1865 1434 loannem
1878 1378 1949 1434 ame

318 1481 431 1536 scopam
454 1469 497 1520 rui
517 1469 696 1525 conscholaris
722 1471 773 1541 {trit
800 1473 828 1527 in
856 1470 983 1526 Hibernia
1011 1472 1111 1543 Epier·
1161 1469 1308 1528 iliberuum
1322 1472 1532 1544 genteetuomo
1551 1470 1634 1526 luisse
1647 1470 1827 1536 contendunt,
1841 1485 1894 1526 car
1910 1471 1952 1525 lrie

317 1566 360 1612 tua
363 1595 440 1612 ......
461 1569 486 1613 et
506 1559 583 1614 multi
602 1559 732 1629 praeclari
749 1561 865 1618 modius
881 1574 905 1617 et
926 1563 1035 1617 scientio
1061 1563 1110 1617 oiri
1160 1559 1234 1615 wlus
1246 1573 1263 1615 e
1277 1569 1317 1615 tot
1337 1560 1513 1631 popularibus
1531 1560 1588 1616 suis
1609 1560 1726 1629 Erigere
1744 1560 1952 1632 cognominatus

316 1646 350 1700 de
371 1646 478 1717 duplic.
500 1648 561 1702 Dixi
587 1663 649 1704 eum
673 1650 735 1706 ideo
761 1650 909 1706 lliberuum
933 1650 1018 1707 luisse
1049 1651 1107 1708 die·
1161 1650 1251 1706 luerit
1265 1649 1412 1706 Testautur
1431 1659 1506 1707 certe
1525 1650 1646 1705 Annales
1665 1649 1813 1715 saxonici.
1835 1659 1952 1706 testatur

318 1724 470 1805 tum‚quod
486 1737 522 1792 ibi
544 1738 643 1794 litteris
661 1754 772 1810 operam
796 1738 912 1795 dederit.
937 1741 1013 1796 idem
1036 1742 1110 1797 acci·
1161 1737 1256 1794 Enicas
1275 1739 1534 1804 Autissiodorensis.
1553 1738 1653 1810 aliique
1675 1738 1747 1809 apud
1763 1738 1951 1795 doctissima·

316 1825 357 1880 dit
370 1824 596 1894 Dareo-cuidam,
616 1829 663 1898 qui
683 1828 815 1885 llilerous
829 1831 1011 1887 communiter
1034 1833 1109 1886 dice-
1124 1815 1219 1887 Blae.
1231 1831 1369 1887 tisserium
1382 1833 1493 1887 armac.
1505 1828 1585 1902 (Pop.
1597 1830 1726 1902 stibrelt.
1741 1830 1767 1886 in
1782 1829 1954 1888 Praelatioua

316 1917 410 1979 batur.
433 1931 496 1973 eum
514 1925 604 1974 tamen
625 1927 699 1975 esset
721 1919 832 1975 natione
853 1919 955 1987 britto,
979 1921 1111 1977 educatus
1161 1921 1197 1976 ad
1225 1920 1359 1991 Epistulas
1384 1915 1552 1984 diluemini,
1573 1920 1714 1990 perplures
1735 1918 1873 1976 llibemes
1896 1922 1953 1989 (sea

315 2019 382 2060 uero
402 2006 429 2061 in
448 2004 594 2072 Hibernia,
609 2016 640 2063 ut
653 2009 687 2064 tie
699 2022 733 2063 eo
750 2008 847 2064 scribit
863 2009 960 2065 Ericus
973 2005 1110 2064 Autissio-
1160 2007 1402 2081 Scuto-liilcmos)
1419 2010 1478 2066 orbi
1491 2009 1612 2064 litterato
1626 2008 1786 2074 innotuisse,
1800 2021 1853 2078 per
1865 2006 1954 2063 Carni

316 2095 441 2152 dorensis
460 2097 486 2151 iu
508 2095 563 2152 line
583 2095 646 2152 libri
670 2113 679 2152 t
701 2098 735 2152 de
758 2097 895 2155 miraculis
917 2097 948 2153 S.
967 2097 1108 2154 Germani.
1160 2097 1260 2170 blagni,
1274 2096 1363 2154 Caroli
1376 2097 1463 2164 Calvi,
1477 2097 1597 2154 Aellrcdi
1614 2107 1745 2168 tempora,
1760 2106 1790 2153 et
1804 2097 1952 2168 dducam

313 2187 390 2245 idem
404 2189 504 2246 :accidit
526 2190 556 2246 S.
577 2190 712 2257 Patricio,
728 2191 851 2264 Pelagio,
868 2194 983 2264 aliisque
1003 2196 1107 2251 multis.
1158 2204 1273 2259 quorum
1293 2199 1384 2245 amen
1410 2190 1512 2246 nemini
1534 2204 1633 2246 nomen
1655 2190 1725 2256 boe,
1747 2189 1885 2293 lingens,
1905 2202 1954 2260 pm

352 2297 387 2355 Ut
403 2298 485 2369 igitur
497 2300 591 2370 paucis
612 2317 701 2357 nteam
722 2300 906 2371 conjecturam
921 2304 1108 2371 complectar,
1158 2280 1439 2382 ⁸⁰·”¹l¹⁵·²¹⁸¹'ib¹¹²⁰¹¹}
1466 2280 1649 2382 1011030111·
1677 2279 1886 2382 0111111111·
1914 2279 1953 2338 '⁶¹

312 2390 412 2461 opinor
433 2390 569 2448 loannem
588 2393 674 2449 istum
699 2392 843 2463 Erigeuam
864 2392 966 2448 dictum
989 2392 1108 2449 luisses
1159 2369 1281 2435 1111111111
1296 2368 1339 2423 181
1364 2367 1493 2434 50011111
1508 2367 1719 2426 5101111111111
1736 2368 1863 2430 mmm·

314 2480 386 2546 loco.
401 2489 431 2535 ut
444 2482 561 2548 uidetur,
583 2483 677 2537 natali.
693 2481 740 2535 Est
755 2490 847 2536 autem
859 2481 965 2551 Ergene
978 2499 1041 2553 pars
1054 2499 1108 2539 non
1194 2476 1281 2532 Venit>
1294 2492 1367 2534 1111111
1380 2476 1499 2534 adsueti
1513 2477 1643 2549 Erigonae
1655 2479 1757 2549 scripta
1772 2480 1951 2535 fremida·

314 2570 512 2626 euntcurucnda
524 2568 732 2626 ilerelortleusis
744 2569 901 2635 comitatus,
919 2569 1034 2628 Walliae
1045 2590 1110 2629 con·
1158 2565 1233 2622 Potio
1256 2568 1455 2637 11111111111110
1478 2567 1537 2624 luto
1560 2582 1593 2623 α
1617 2568 1735 2624 hominis
1755 2568 1902 2639 (remla.
1923 2570 1954 2623 dt

315 2657 442 2712 termina.
461 2657 518 2713 lmo
536 2672 619 2712 unum
632 2669 648 2710 e
661 2655 752 2726 regitis
769 2655 882 2713 Walliae
905 2657 956 2713 luit
974 2660 1025 2717 boc
1040 2664 1108 2718 tem2
1157 2656 1256 2728 quibua
1271 2657 1425 2729 nuliaapud
1437 2666 1541 2714 veterat
1552 2657 1875 2730 reperitutambigttilas·
1894 2659 1954 2715 Edi-

315 2762 382 2819 pore
391 2746 498 2802 bilrido
511 2746 732 2802 tribulationum
746 2748 798 2803 troo
805 2755 892 2805 tractu
900 2751 1006 2819 reperio
1018 2752 1108 2809 locum
1159 2747 1199 2803 dit
1212 2737 1296 2819 igitur
1306 2747 1427 2805 loannes
1440 2748 1485 2805 ille
1500 2765 1510 2802 τ

313 2836 441 2901 Drinum,
467 2850 528 2906 guae
553 2836 662 2906 uiridem
688 2836 772 2894 dictio
793 2853 890 2908 parum
912 2839 1050 2913 discrepat
1072 2845 1107 2899 alr
1228 2838 1254 2892 l.
1275 2839 1314 2895 De
1332 2839 1503 2895 Eucharistia
1522 2838 1621 2895 librum
1638 2839 1660 2895 1.

313 2925 489 2999 liriapeolet
509 2935 649 2984 contracte
675 2926 808 3002 Ergone).
827 2926 888 2985 lam
916 2938 971 2986 tota
986 2940 1060 2988 terra
1072 2932 1107 2989 ab
1226 2929 1255 2983 2.
1277 2927 1420 2985 Veruoues
1439 2928 1558 3000 Dionysii
1577 2928 1677 3000 Areop.
1698 2929 1746 2986 lib.
1766 2929 1812 2988 tt.

314 3015 382 3088 ipsis
405 3015 499 3071 wallia
513 3015 651 3074 modernis
663 3017 763 3074 dicitur
778 3015 905 3091 Erpncp,
921 3019 963 3075 vet
978 3019 1103 3076 lt'reiuus.

314 3106 367 3174 Qui
381 3105 583 3172 observaverit,
602 3117 720 3179 quantae
739 3110 766 3165 in
780 3110 840 3166 aliis
856 3112 1022 3169 dictionibus
1039 3114 1104 3169 bar-

313 3193 389 3251 baris
402 3196 435 3249 ad
450 3210 573 3250 normam
592 3196 703 3253 lautitiam
726 3198 920 3268 detorquendis
938 3202 1106 3257 mutationes

314 3284 566 3357 perangustum,
586 3302 639 3343 uon
656 3301 739 3360 aegre
756 3287 806 3343 bas
825 3286 988 3345 leviusculas
1006 3290 1107 3346 altera-

313 3378 401 3434 tiones
416 3380 480 3434 mibi
500 3380 550 3435 bac
569 3381 595 3434 in
610 3394 677 3436 uoce
696 3379 837 3436 concedet.
858 3379 1005 3459 Enimuero
1025 3383 1107 3438 biber

313 3467 451 3526 Ecclesiae
465 3469 655 3537 laudavensis,
668 3472 694 3526 in
710 3471 795 3527 tomo
814 3472 848 3527 itt
862 3471 1000 3529 ilonastlci
1012 3476 1106 3546 Angli·

312 3557 385 3622 caui,
404 3556 529 3617 Giraldus
544 3572 652 3629 queque
669 3558 845 3616 cambrensis
860 3562 886 3616 lu
903 3560 1104 3620 011111τί1111-

311 3651 452 3721 scriptione
466 3666 491 3706 e.
505 3652 522 3706 5
537 3651 642 3721 plenius
655 3649 689 3706 de
708 3653 760 3707 bae
779 3652 937 3725 regiuncula
957 3654 1104 3711 docebunt.

311 3738 432 3811 Quorum
447 3743 493 3798 trie
513 3751 601 3808 notat,
621 3741 705 3798 iuuisse
722 3752 824 3814 purtem
848 3743 995 3800 dioeceseos
1012 3745 1105 3801 liene·

309 3830 409 3896 asurim
439 3830 485 3885 ubi
514 3830 596 3885 isser
632 3828 682 3884 luit
713 3831 944 3902 aretuepiscopus,
974 3834 1020 3904 qui
1053 3832 1105 3890 tuit

312 3922 479 3991 pmpiuquus
496 3920 604 3987 boseri,
624 3922 670 3991 qul
689 3920 820 3979 loannem
841 3923 983 3996 Erigonam
1002 3927 1106 3983 audiuit

311 4009 463 4064 docentem.
480 4009 564 4077 llrrjus
580 4025 686 4082 quoque
699 4013 883 4083 provinciolae
898 4016 1022 4071 meminit
1035 4015 1105 4071 liber

311 4096 495 4169 aurato,
525 4100 551 4154 iu
574 4115 627 4170 qrto
651 4102 690 4159 sic
704 4102 763 4174 lego
788 4121 795 4157 ε
819 4103 878 4158 llos
901 4105 1104 4161 consuetudines

310 4197 388 4244 erant
402 4188 578 4244 Wolleusium
603 4190 634 4245 t.
658 4190 690 4247 ll.
722 4192 754 4248 li.
773 4194 1000 4266 intromisit,
1022 4197 1105 4252 idest

311 4277 425 4352 Erpeus.
447 4278 528 4336 llotat
541 4297 623 4352 porro
636 4290 691 4339 tum
713 4283 849 4350 Giraldus,
870 4295 926 4341 tum
945 4286 1015 4343 liber
1031 4286 1104 4343 Lun-

310 4366 445 4435 tlaosusir,
474 4369 570 4426 Scotm
593 4369 740 4429 Wallorum
763 4372 831 4431 linos
850 4372 995 4446 aliquando
1017 4392 1102 4433 occu·

309 4471 405 4529 passm
420 4459 491 4516 unde
505 4468 532 4516 et
544 4458 640 4517 loanni
655 4472 748 4519 nostro
764 4463 838 4520 Secti
852 4480 1002 4536 cognomen
1015 4468 1103 4535 potuit
1118 4480 1142 4542 ι)

307 4549 466 4606 accessisse.
481 4548 535 4606 Sed
546 4560 575 4606 ut
586 4553 704 4608 redeam.
722 4552 795 4609 llaec
805 4555 887 4610 etiam
900 4554 963 4610 inde
976 4555 1104 4612 ridentur

308 4637 487 4704 mullrmari,
509 4642 580 4710 qnod
602 4639 719 4698 loannes
745 4642 860 4715 Erigeua
883 4660 898 4699 a
925 4645 1104 4714 scriptoribus

306 4724 412 4782 diserte
425 4727 528 4783 Wotlas
541 4729 697 4799 appelletur.
716 4732 763 4789 Sic
780 4734 937 4792 liideusiaut
958 4738 1102 4794 Annalium

308 4818 492 4888 compositor,
504 4820 545 4876 sie
560 4820 663 4877 liossus
676 4823 703 4879 in
717 4823 787 4881 libro
801 4825 834 4881 de
845 4829 957 4898 rapitur.
973 4828 1028 4885 lmo
1042 4831 1102 4902 ipse

307 4917 341 4961 aa
362 4902 479 4960 waren
517 4923 570 4963 non
601 4910 717 4966 obscure
749 4912 840 4968 innuit
871 4915 898 4969 in
922 4918 1043 4973 carmine
1066 4919 1100 4974 atl

310 4992 437 5051 0111111111
457 4995 567 5053 Caluum
571 5036 638 5055 ......
662 5001 769 5057 Adsero
793 5002 911 5060 locutura
925 5003 1030 5076 Speodo
1043 5024 1101 5063 meo

310 5083 418 5142 Carula.
440 5083 499 5142 Vox
520 5088 593 5143 euim
609 5088 713 5145 Wolius
734 5099 762 5146 et
783 5094 884 5147 adorno
908 5096 1100 5165 aequipollent.

309 5168 361 5244 ent
378 5175 463 5232 ritam
478 5175 627 5234 Grimbaidi
651 5179 770 5249 scripsit,
785 5182 875 5252 prodit
887 5182 1019 5240 loannem
1037 5201 1100 5243 eum

309 5264 410 5321 nouem
434 5263 551 5337 legatum
580 5266 608 5323 iu
631 5267 784 5325 blanditam
812 5272 925 5328 missam
952 5271 1037 5331 luisse
1063 5276 1099 5332 ad

309 5352 486 5421 invitandum,
498 5350 600 5413 ailredi
609 5358 729 5427 nomine,
739 5359 936 5421 Grimbaldum.
950 5362 1008 5422 Non
1023 5375 1099 5425 carot

1230 3016 1360 3074 Videlicet
1378 3034 1385 3071 τ

1264 3105 1303 3160 De
1317 3106 1432 3163 Caelesti
1446 3107 1615 3166 llierarclria.

1263 3195 1302 3251 De
1315 3195 1505 3254 Ecclesiastica
1520 3197 1688 3255 literarcbis.

1266 3283 1304 3341 De
1318 3284 1423 3343 Divinis
1437 3287 1606 3347 Nominibus.

1263 3374 1302 3432 De
1317 3376 1429 3449 blystlea
1444 3377 1601 3452 Tbeologia.

1227 3465 1255 3520 ὅ.
1271 3464 1569 3525 DeDraedestinatiooe
1596 3471 1722 3528 adrerm
1749 3472 1955 3535 Granum

1266 3553 1313 3610 tib.
1333 3555 1353 3610 l.

1224 3643 1253 3699 l.
1270 3645 1415 3701 versiones
1426 3645 1456 3702 S.
1471 3647 1584 3703 tissimi
1594 3651 1627 3705 dr
1637 3652 1771 3723 ambiguis
1783 3651 1814 3710 S.
1831 3653 1954 3729 Dionysia

1262 3746 1286 3791 tt
1302 3733 1421 3807 Gregorii
1438 3736 1571 3810 Theologl.

1226 3824 1255 3881 5.
1272 3826 1310 3882 De
1323 3825 1434 3883 visione
1446 3827 1493 3885 Dei
1509 3830 1677 3888 Tractatum.

1227 3916 1254 3972 li.
1268 3916 1308 3972 Do
1323 3917 1459 3977 Diuisione
1473 3920 1592 3978 Naturae
1607 3924 1654 3980 lib.
1670 3924 1704 3981 V.

1227 4006 1253 4061 i.
1269 4006 1414 4074 Epistulas.

1226 4096 1254 4154 8.
1271 4096 1381 4155 Versus

1226 4186 1394 4245 Tribuuntur
1407 4191 1494 4248 eidem
1511 4202 1539 4250 et
1554 4195 1637 4264 baec,
1656 4213 1726 4269 quae
1743 4203 1951 4265 subnotantur:

1226 4278 1253 4335 D.
1270 4280 1299 4337 ln
1313 4280 1473 4340 blartianum
1490 4284 1626 4355 Capellam
1641 4288 1842 4351 Commentarii.

1226 4371 1272 4426 lb.
1286 4372 1421 4443 Exeerpta
1433 4390 1467 4430 ex
1481 4374 1627 4435 ttacrobio.

1226 4459 1271 4514 tt.
1287 4459 1325 4515 De
1338 4461 1484 4532 Disciplina
1500 4463 1670 4524 Sebolarium
1683 4469 1753 4527 libor
1766 4471 1788 4527 Ι.

1226 4548 1270 4603 li.
1288 4547 1439 4619 Disputatio
1450 4552 1582 4622 qrraedant
1597 4571 1659 4611 enm
1673 4556 1816 4618 Tiueodom
1827 4560 1949 4622 Studiis.

1225 4637 1269 4692 lb.
1286 4635 1382 4694 lertio
1394 4638 1536 4696 bloralium
1549 4644 1715 4702 Aristotelis.

1224 4727 1269 4784 li.
1287 4726 1383 4786 Verrio
1396 4728 1457 4785 lilri
1473 4730 1621 4789 11111111Ῑί1
1639 4737 1673 4791 ds
1686 4737 1825 4809 litgimise
1838 4739 1951 4800 Prisci-

1258 4834 1329 4888 paro.

1224 4911 1268 4967 ts.
1284 4910 1478 4969 Commentaril
1501 4915 1529 4968 iu
1546 4915 1694 4975 Aristotelis
1710 4918 1948 4982 ermemiro
1965 4922 1968 4931 ⁴

1222 4999 1266 5057 ib.
1282 5001 1413 5072 Dogmata
1428 5001 1664 5076 Philosophorum.
1958 5016 1963 5099 ἱ

1222 5093 1265 5148 t‘t.
1282 5092 1423 5151 llomiliae.

1223 5181 1267 5237 ts.
1282 5180 1321 5237 De
1333 5181 1400 5239 utne
1411 5195 1502 5239 contra
1514 5184 1659 5244 Borboros.

1224 5270 1267 5326 te.
1283 5270 1480 5342 Parapbrastici
1503 5274 1595 5344 Tomi,
1621 5280 1675 5336 sire
1700 5279 1893 5342 Ccmmurii
1918 5288 1945 5341 ia

1258 5360 1414 5432 Dionysiam
1427 5365 1622 5439 Areopapitcar.

343 5542 450 5627 *Quae
471 5545 611 5618 hueusque
635 5550 668 5607 ue
691 5553 851 5622 cognomine
874 5553 989 5627 Erigone
1011 5566 1039 5615 et
1063 5559 1099 5616 de
1151 5557 1229 5614 1111111
1261 5559 1334 5626 slot,
1361 5560 1442 5618 nullis
1473 5564 1582 5637 probari
1612 5581 1693 5639 posse
1727 5567 1865 5627 ridentum.
1897 5574 1944 5631 ci.

307 5607 421 5669 loannis
450 5613 524 5673 Secti
544 5618 715 5690 intingitur·
738 5623 823 5677 reditu
845 5623 1025 5695 disputantur,
1050 5637 1098 5684 aut
1154 5627 1320 5685 Prooemium
1334 5640 1465 5691 austrum.

310 5682 420 5738 omniuo
443 5684 510 5761 laisa
534 5697 607 5757 suut.
632 5699 679 5747 aut
702 5694 879 5762 argumentis,
897 5711 967 5767 quae
987 5699 1097 5768 quidem

1641 5704 1771 5765 lamam.
1786 5708 1867 5768 Eam.
