4167 6625
341 356 411 414 taor
992 343 1298 413 ,wulturnensi
1911 354 1979 413 taes

346 445 497 541 episeopus,
520 468 554 526 ad
570 468 721 550 apostolica
733 470 893 540 perventens
910 468 1014 536 limine,
1037 475 1170 532 restructi
1185 473 1386 543 apostolomor,
1415 487 1519 529 necnon
1542 482 1568 530 et
1594 471 1731 529 bonorem
1743 469 1818 530 edis
1836 469 1977 539 ipsorum.

346 547 513 616 celsitudinis
529 559 668 631 epistolam
681 560 878 631 detulitquam
891 559 999 630 quidem
1010 574 1060 617 ros
1071 575 1134 617 san·
1184 580 1292 619 manum
1310 564 1449 635 porrigere
1472 564 1554 619 alacri
1577 564 1665 620 studio
1686 561 1851 634 procuravit.
1875 557 1979 627 Qunam

299 639 327 709 ¹,
345 661 397 706 eta
408 650 544 706 memoriae
562 650 697 706 decessori
717 664 779 706 meo
800 664 876 719 papae
890 648 1003 707 Nicolao
1014 649 1134 707 ᾱεειίιιε·
1183 652 1276 707 obrcro
1292 653 1488 723 postulantibus
1502 651 1560 720 iam
1578 652 1671 713 robis,
1693 658 1723 705 nt
1741 649 1847 719 primus
1866 662 1978 709 eornm,

345 739 410 804 stis:
429 740 476 795 sed
491 754 540 794 nos
549 739 606 810 iam
617 739 677 795 ricc
689 739 759 795 illius
769 740 796 795 in
810 739 956 810 apostolica
968 739 1134 812 sededigna·
1184 739 1308 796 wlfadus
1330 741 1434 796 scilicet
1453 740 1538 796 irater
1551 748 1579 795 et
1591 740 1766 810 coepiscopus
1780 745 1884 800 noster,
1899 735 1978 807 pallii

346 831 419 885 tione
443 845 475 886 ac
495 830 668 886 miseratione
688 830 786 886 diriore
805 831 998 903 magnitudinis
1013 830 1132 887 ordinati
1168 844 1233 885 usu
1259 845 1334 886 more
1357 831 1528 886 decessorum
1547 845 1656 885 suonam
1679 837 1781 884 nosrae
1805 825 1980 882 auctoritatis

344 917 521 988 suscepimus.
537 916 1006 993 llodequaeablllodagitatasunt,
1021 935 1133 991 nospro
1184 917 1325 987 largitione
1355 917 1478 974 decorari
1506 918 1660 987 potuisset,
1685 916 1784 972 merito
1808 914 1965 969 ouadcsema

343 1008 459 1073 uiribus,
468 1008 569 1080 indigni
582 1008 646 1065 licet
654 1008 786 1075 batadoe,
800 1008 934 1080 supplere,
946 1017 975 1065 et
983 1010 1133 1080 opitulante
1183 1009 1268 1066 sionis
1287 1023 1367 1064 arares
1388 1007 1660 1063 accomomdarimus.
1681 1005 1715 1061 Et
1734 1004 1862 1074 quoniam
1880 1003 1911 1056 io
1934 1015 1977 1055 re·

343 1098 547 1164 christiniano
567 1107 695 1171 tanquam
720 1115 774 1156 non
797 1099 894 1171 ingrati
919 1100 964 1156 ltlii
991 1110 1131 1171 paterarum
1182 1096 1325 1153 stitucudis
1347 1097 1390 1152 lais
1416 1112 1478 1151 cum
1504 1095 1576 1151 sedis
1604 1094 1758 1164 apostolicae
1787 1091 1887 1148 studiis
1912 1105 1977 1146 eoa·

343 1191 462 1245 aleltitutn
491 1190 645 1261 persolvere
676 1191 881 1246 maturavimus.
908 1190 1033 1257 Quandiu
1059 1191 1131 1247 etaim
1183 1187 1316 1243 cordastis
1333 1194 1360 1242 ct
1381 1186 1557 1242 concertastis
1581 1185 1616 1239 ad
1639 1182 1844 1256 percipiendum
1866 1194 1977 1250 quoque

342 1281 440 1335 merita
463 1280 534 1336 boati
553 1279 625 1335 Petri
647 1279 760 1350 apostoli
782 1280 848 1345 lieo,
866 1280 909 1335 eui
924 1280 1014 1338 omnia
1027 1279 1131 1346 uiuunt,
1182 1279 1254 1348 quod
1265 1278 1372 1342 deerat,
1384 1287 1502 1334 cestram
1518 1276 1713 1348 floccipendere
1725 1273 1901 1331 dilectionem
1913 1272 1977 1327 satis

342 1385 396 1426 nou
410 1369 570 1431 moriuntur,
583 1384 752 1442 nequaquam
767 1367 828 1426 lldei
843 1383 899 1425 suas
915 1369 957 1424 rel
972 1367 1131 1425 sollieitudi·
1183 1366 1377 1424 inconveniens
1399 1367 1536 1423 duximus.
1554 1365 1712 1422 lunumeras
1725 1363 1907 1419 nibilominus
1922 1362 1976 1431 pie·

341 1457 385 1513 nis
403 1458 525 1514 haeredes
543 1458 684 1526 delicient;
705 1473 756 1515 nec
776 1459 891 1515 deerunt
905 1473 1015 1528 prorsus
1028 1460 1075 1529 qui
1089 1473 1132 1514 re·
1182 1460 1232 1516 tati
1246 1468 1343 1515 uestrae
1357 1457 1457 1527 gratias
1472 1457 1652 1528 rependimus,
1665 1455 1792 1526 quoniam
1811 1461 1888 1508 tanta
1901 1468 1975 1508 cona-

341 1546 442 1618 gulam,
463 1561 544 1619 quam
566 1547 638 1603 eirca
659 1548 744 1603 Deum
764 1545 971 1603 ferventissima
990 1547 1131 1604 charitatis
1181 1547 1316 1619 passionis
1333 1546 1436 1601 viscera
1452 1545 1523 1601 circa
1541 1543 1699 1615 praedictum
1718 1541 1834 1596 fratrem
1853 1549 1973 1595 maram

341 1639 468 1705 ostendit,
491 1653 541 1709 pro
559 1639 712 1709 quantitate
734 1638 842 1707 sirium,
858 1653 962 1709 proque
980 1639 1131 1710 capacitate
1182 1639 1370 1711 coepiscopum
1384 1636 1541 1701 acardum,
1555 1636 1626 1691 sieut
1640 1649 1674 1691 ea
1688 1632 1821 1689 relatione
1840 1633 1937 1702 ipsius,
1950 1643 1975 1686 et

340 1727 470 1783 divinitus
488 1727 577 1783 collati
596 1727 658 1783 doni
674 1735 830 1799 sequanum.
848 1728 907 1798 lpse
923 1742 1040 1798 namque
1054 1727 1131 1798 quid·
1182 1745 1216 1786 ex
1226 1727 1503 1799 epistolarestraepio
1513 1724 1610 1781 ellectu
1622 1723 1838 1794 daturintelligi,
1849 1722 1974 1777 eubibete

340 1817 404 1885 quid
422 1817 457 1872 ab
478 1816 595 1888 indignis
616 1817 748 1874 ministris
766 1817 934 1889 negligenter
952 1816 1053 1887 agitur,
1061 1831 1131 1888 -sup-
1146 1803 1168 1864 Β
1181 1819 1328 1883 contendit,
1339 1827 1369 1875 ut
1378 1817 1498 1873 dolorum
1507 1822 1722 1871 etaeramnamm
1730 1813 1818 1883 ipsius
1827 1812 1972 1866 maximam

340 1906 396 1977 plet
416 1924 423 1961 :
443 1906 501 1977 ipse
523 1906 629 1973 locum,
653 1923 734 1978 quem
760 1906 825 1964 olim
847 1908 1009 1966 delibatione
1029 1909 1130 1979 proprii
1180 1915 1289 1977 partem
1315 1921 1364 1961 uos
1379 1913 1486 1976 gestare
1500 1903 1559 1959 luce
1576 1902 1675 1958 clarius
1691 1902 1860 1956 innotescat.
1875 1897 1972 1951 lemn

340 1996 462 2066 corporis
476 1996 590 2053 llomioo
604 1996 783 2063 consecrant,
794 1997 997 2068 quibuscunque
1008 1997 1052 2052 tel
1065 2012 1131 2067 qua·
1180 2009 1230 2050 uos
1243 1994 1313 2050 votis
1323 1991 1487 2048 excellentiae
1501 1998 1599 2046 restrae
1614 1998 1815 2052 consonantes,
1831 2003 1887 2042 noo
1902 1988 1971 2042 deci

340 2082 482 2155 liscunque
500 2086 618 2142 sicarius
639 2093 737 2158 exstet,
761 2101 817 2142 suae
834 2095 924 2143 umen
941 2087 1073 2142 claritatis
1090 2087 1131 2142 lu·
1179 2099 1241 2139 mus
1256 2090 1360 2138 tantum
1378 2082 1483 2148 uirum,
1496 2090 1524 2136 et
1541 2078 1669 2135 Ecclesia
1680 2077 1780 2134 Claristi
1793 2091 1971 2148 pemecessa·

340 2176 412 2230 ntitas
425 2176 557 2246 hodieque
570 2175 756 2233 indeficienter
768 2177 894 2234 illustrat.
910 2177 958 2234 Cui
969 2178 1019 2233 etsi
1033 2177 1131 2233 desunt
1178 2172 1457 2239 rium,deberetaotis
1464 2169 1562 2227 inrolui
1572 2168 1698 2232 miseriis,
1706 2165 1846 2223 reltautis
1855 2167 1973 2235 graratl,

338 2267 435 2321 merita
449 2266 623 2331 sttccessoris,
640 2267 689 2323 sed
705 2267 803 2323 adsunt
820 2267 949 2324 beneflcio
968 2267 1129 2331 decessoris,
1180 2279 1241 2320 eum
1255 2262 1384 2318 sitellam
1407 2261 1495 2317 aetatis
1515 2261 1671 2316 maturitate
1690 2267 1860 2320 maceratus,
1876 2259 1974 2311 incon·

338 2370 371 2411 ac
386 2355 464 2426 prinai
485 2355 558 2410 sedis
580 2354 700 2423 ejusdem
718 2357 842 2412 sessoris.
856 2357 948 2426 ltaqrte
960 2358 992 2412 de
1012 2356 1131 2412 Eboonis
1181 2354 1278 2420 nudis,
1289 2352 1438 2424 praesertim
1464 2366 1526 2407 cum
1539 2357 1567 2405 et
1581 2349 1694 2406 scientia
1707 2364 1761 2404 non
1774 2348 1972 2403 mntemneoda

339 2443 477 2513 quondam
492 2443 655 2506 libamentis
672 2444 865 2514 archiepiscopi
880 2445 1075 2515 qualiscunque
1086 2461 1131 2500 re-
1179 2443 1288 2514 polleat,
1309 2452 1339 2497 et
1357 2442 1430 2496 bunc
1445 2439 1528 2496 uestri
1542 2439 1619 2510 regui
1631 2437 1812 2493 ecclesiarum
1828 2436 1972 2506 pasalan

338 2532 488 2587 stitutionis
500 2534 609 2602 negotio
633 2531 807 2603 benignitatis
829 2541 925 2588 uestrae
947 2532 1047 2587 litteris
1063 2531 1131 2588 satis
1180 2535 1275 2590 relatio
1296 2549 1350 2588 nou
1378 2530 1596 2601 parvipendenda
1613 2533 1795 2586 commendet
1811 2528 1919 2595 Quade
1933 2543 1969 2590 re,

338 2626 439 2690 edocti,
454 2625 632 2681 obedientiam
642 2633 670 2680 et
682 2625 811 2688 studium,
822 2624 892 2694 quod
904 2624 1052 2695 bincjusta
1065 2622 1131 2680 deti·
1167 2624 1203 2680 >si
1214 2622 1274 2693 eius
1284 2621 1415 2685 Ecclesia,
1429 2629 1459 2674 ut
1477 2619 1572 2690 ipsias,
1585 2626 1613 2674 et
1632 2616 1835 2688 metropolitani
1859 2618 1969 2689 parterii,

338 2713 469 2770 tuitionem
479 2713 632 2783 apostolica
642 2712 714 2768 sedis
726 2713 897 2779 exhitntatis,
909 2713 1130 2783 approbavimus,
1181 2712 1370 2769 acmultorum
1394 2710 1557 2776 antistitum,
1580 2723 1685 2765 oeenou
1706 2715 1733 2762 et
1753 2707 1912 2761 litterarum
1928 2723 1970 2761 re·

337 2810 366 2856 et
379 2802 523 2866 anactoria
542 2816 595 2871 quo
610 2810 707 2858 ettocta
722 2799 792 2858 bona
810 2802 967 2873 procedunt,
985 2801 1131 2858 immensas
1180 2811 1297 2861 strarum
1318 2798 1520 2857 circumstantia
1548 2798 1648 2860 innuit,
1673 2796 1798 2852 funditus
1824 2796 1929 2859 doru,
1943 2804 1968 2848 et

338 2890 487 2960 gratiarum
498 2891 618 2946 actiones
628 2892 815 2961 persolvimus.
826 2888 923 2946 Verum
935 2890 979 2946 illa
991 2891 1013 2946 si
1023 2901 1129 2959 esseut,
1180 2908 1230 2965 per
1243 2890 1371 2947 nonnulla
1391 2889 1525 2945 curricula
1541 2887 1600 2957 jam
1623 2888 1650 2942 itt
1668 2885 1845 2942 solitudinem
1865 2889 1968 2940 redacta

336 2979 484 3052 apostolica
505 2980 586 3056 ,sedes
606 2982 639 3036 de
668 2982 778 3037 Elibooe
799 2982 833 3038 ad
858 2981 987 3051 liquidum
1008 2982 1130 3039 inuenire
1181 2976 1764 3053 essedignosciuu:paganisridelieetoou
1781 2974 1873 3029 solum
1887 2983 1970 3029 trars·

337 3068 490 3139 satagebat,
511 3084 572 3140 qua
594 3070 768 3126 restituendis
788 3085 802 3125 a
821 3068 906 3125 lratre
923 3080 952 3125 et
971 3071 1130 3141 coepiscopo
1182 3074 1263 3136 itum,
1280 3071 1328 3126 sed
1351 3070 1433 3126 etiam
1452 3069 1598 3124 stationem
1618 3067 1717 3122 ibidem
1741 3064 1918 3126 laeiemibcs.
1939 3081 1967 3120 ac

338 3167 433 3214 nostro
450 3158 596 3215 lliucmaro
612 3158 676 3214 olim
695 3160 806 3231 dejectis
827 3161 932 3218 clericis
952 3170 1062 3232 possent
1078 3141 1167 3217 ati-(2
1182 3177 1231 3232 per
1247 3162 1297 3216 boc
1312 3159 1479 3229 depopulatis
1496 3159 1614 3228 uncique
1628 3157 1694 3213 locis
1707 3157 1868 3212 habitatore
1879 3173 1967 3212 careae

338 3248 403 3318 antid
416 3264 545 3324 generare
567 3249 739 3306 discriminis.
764 3248 800 3306 dt
821 3266 886 3307 seno
907 3266 969 3307 cuna
992 3267 1043 3309 nee
1058 3253 1129 3308 idem
1182 3252 1266 3320 tibus,
1280 3251 1394 3307 sublatls
1408 3250 1489 3305 etiam
1505 3265 1520 3304 a
1536 3248 1691 3305 britonibus
1704 3287 1712 3313 ,
1723 3249 1747 3303 si
1758 3262 1823 3318 qne
1837 3262 1966 3303 mmm

337 3339 415 3395 bubo
427 3341 528 3397 erroris
543 3339 655 3410 alicuius
668 3341 830 3407 defensioni,
848 3359 903 3414 quo
915 3344 1058 3400 hereticus
1070 3344 1131 3416 quis
1180 3354 1251 3410 rant,
1263 3343 1360 3408 rebus,
1374 3342 1454 3397 aliam
1477 3341 1502 3397 ei
1517 3348 1656 3396 munuae
1671 3341 1804 3394 duntaxat
1822 3339 1966 3394 eonem·

338 3428 464 3493 ellit-itur,
477 3429 579 3485 dederit
600 3446 721 3501 operam,
742 3449 791 3489 nec
807 3431 863 3503 ian
878 3435 1019 3490 memorati
1038 3434 1130 3492 cleriei
1180 3432 1431 3490 damdeererimus.
1454 3429 1538 3500 Cujus
1559 3429 1660 3486 decreti
1680 3429 1841 3485 necessario
1853 3429 1967 3484 instituto

338 3520 410 3574 aliud
425 3520 452 3575 in
476 3521 529 3576 boc
547 3520 600 3575 nisi
619 3523 798 3579 bumilitatem
817 3534 845 3580 et
858 3526 1038 3582 obedientiam
1051 3527 1130 3583 exbl·
1181 3527 1296 3582 libenter
1311 3537 1419 3592 meum
1435 3520 1605 3595 moresolito
1618 3520 1739 3590 prebete
1752 3534 1805 3590 pro
1818 3518 1921 3574 Christi
1933 3521 1966 3575 di-

338 3611 456 3673 bueriut,
480 3609 523 3666 illa
543 3625 604 3680 quac
620 3612 654 3666 de
672 3610 782 3667 Ebbone
801 3615 853 3670 dici
873 3626 995 3684 possunt,
1013 3618 1088 3688 quia,
1100 3628 1131 3674 ut
1180 3619 1295 3675 lectione
1309 3619 1438 3673 taronem.
1452 3612 1543 3671 Necei
1558 3612 1702 3675 minorem,
1714 3625 1798 3682 mam
1811 3627 1865 3667 sua
1876 3610 1964 3673 lauat

338 3700 493 3769 opinantur,
505 3698 571 3753 nibil
592 3699 626 3754 ad
645 3699 788 3755 utilitatem
801 3702 954 3771 proliciunt,
966 3704 1131 3777 januamque
1163 3709 1238 3765 dari
1250 3707 1385 3770 nolumus,
1410 3718 1470 3759 cum
1489 3702 1554 3759 licet
1566 3704 1619 3759 boe
1638 3703 1695 3771 ipse
1715 3699 1831 3754 minime
1846 3699 1965 3770 postulet,

338 3787 448 3843 sileutio
460 3792 638 3857 coattegantur
652 3804 659 3841 r
672 3788 789 3844 maxime
799 3804 860 3844 cum
875 3791 981 3860 etipse,
997 3801 1025 3848 et
1035 3808 1131 3851 omnes
1181 3815 1217 3856 ns
1229 3796 1353 3855 uidelicet
1368 3794 1484 3864 alicujus
1501 3793 1659 3851 ambitionis
1678 3792 1749 3847 lama
1770 3802 1894 3856 notetur,
1907 3807 1967 3847 eoa

337 3876 468 3946 episcopi,
480 3883 578 3946 praeter
588 3874 751 3941 llotlaadum,
766 3877 812 3943 qui
827 3892 914 3934 causa
924 3879 996 3936 illius
1005 3882 1129 3938 notitiam
1179 3891 1271 3946 veniat
1284 3886 1410 3956 consequi
1425 3885 1567 3955 potiorem.
1579 3883 1712 3939 Nimirum
1722 3882 1769 3952 qui
1784 3883 1861 3938 inter
1874 3891 1965 3938 catera

339 3965 470 4029 habuere,
481 3963 656 4031 decesserint,
668 3973 696 4020 et
708 3981 764 4036 pree
778 3966 943 4038 longitudine
957 3972 1087 4040 temporis
1097 3973 1131 4027 ad
1179 3981 1309 4034 vintttuttt
1324 3990 1434 4033 aaarum
1450 3973 1565 4043 insignia
1581 3972 1759 4028 barbarorum
1775 3972 1887 4034 rabiens
1901 3984 1964 4041 sape

338 4053 1131 4133 liquidumiadubie,quaetuneactasuperbocsuutnego·
1180 4080 1335 4138 partiatur,
1356 4063 1494 4121 chrisum
1518 4061 1652 4125 monteri,
1679 4076 1734 4117 non
1762 4060 1856 4116 εοὶεω
1879 4074 1964 4116 eona

339 4143 460 4207 tio,sciri
471 4159 523 4198 oon
535 4145 1073 4217 possiot‚atquedeltisquiadllominum
1080 4150 1132 4205 mi-
1180 4159 1346 4224 hominibus,
1359 4172 1452 4213 rerunt
1465 4156 1548 4211 etiam
1564 4170 1657 4211 corato
1675 4154 1791 4225 paganis
1803 4163 1832 4211 et
1851 4154 1964 4211 infideli·

339 4242 486 4304 graserunt
495 4233 785 4306 nobislacilejudicare
792 4230 1130 4298 nonliceat.Cumettimin
1180 4249 1296 4306 hasnon
1310 4246 1429 4303 erubuit.
1444 4246 1474 4301 Ei
1487 4260 1568 4317 ergo.
1582 4245 1766 4317 culttseunque
1776 4245 1835 4299 'siut
1854 4245 1964 4309 numm.

339 4339 421 4379 uranu
432 4322 527 4394 judicii
543 4323 591 4380 bet
606 4324 766 4391 consistant,
781 4325 803 4381 si
821 4325 947 4383 buutauis
964 4326 1131 4385 dillluitioui·
1182 4340 1280 4403 metito
1300 4346 1414 4409 potsunt
1439 4351 1505 4392 oves
1523 4334 1623 4391 curisti
1647 4334 1793 4400 committi,
1807 4336 1855 4405 qai
1881 4337 1963 4405 ipsam

339 4415 391 4470 bus
405 4415 551 4485 quiequam
566 4415 600 4471 oe
613 4415 656 4472 his
669 4414 812 4483 tribuatur,
827 4432 880 4472 ooo
895 4416 981 4474 auno
997 4412 1144 4490 pesum:
1184 4429 1320 4486 catastam
1334 4426 1415 4483 ettam
1430 4427 1502 4481 anter
1514 4424 1662 4496 pusaeo
1682 4423 1965 4492 strenuumque

340 4505 451 4575 ptiouis,
465 4505 551 4560 sedet
565 4504 798 4561 damnationisest
811 4520 921 4574 prorsus
935 4506 1072 4563 iudicium.
1085 4507 1131 4564 lllc
1184 4516 1302 4588 perimit
1317 4504 1472 4587 'pucilittos
1497 4528 1550 4568 nott
1573 4513 1674 4567 tottuit.
1698 4511 1775 4569 litatis
1788 4521 1818 4566 st
1833 4528 1885 4568 nos
1899 4513 1965 4567 illius

339 4595 440 4664 «quippe
455 4592 531 4648 Ebbo
544 4607 593 4648 stro
604 4593 662 4663 iam
676 4593 789 4649 Domino
807 4603 854 4649 aut
866 4604 929 4662 atat,
945 4604 993 4650 aut
1006 4596 1105 4652 cecidit
1122 4614 1129 4651 :
1184 4603 1324 4674 multiplici
1343 4602 1472 4666 micetio,
1487 4610 1515 4656 ot
1530 4602 1640 4658 diutina
1653 4600 1965 4671 peregrinationisque

341 4682 412 4751 qood
436 4681 459 4738 si
484 4691 548 4747 stat,
573 4683 635 4753 quis
655 4684 726 4739 laune
743 4694 855 4739 conetur
875 4683 1009 4752 deiiceret
1023 4685 1048 4740 si
1068 4700 1132 4743 uero
1165 4693 1313 4750 ‚motiano
1328 4692 1438 4748 moerori
1455 4690 1660 4761 compatientes,
1679 4689 1762 4745 deeras
1778 4690 1818 4746 illi
1830 4690 1963 4760 palliisclc

340 4775 450 4839 cecidit,
467 4774 529 4845 lillis
549 4776 650 4832 nitatur
667 4775 789 4847 elisere?
810 4775 860 4832 niti
876 4775 946 4833 folle
966 4777 1059 4847 isqui
1082 4792 1132 4833 81¹³
1186 4784 1366 4843 miserationis
1388 4779 1690 4847 allectu'ooutulimus;
1718 4782 1791 4851 quod
1815 4799 1870 4838 noa
1893 4783 1964 4837 aliter

341 4865 545 4936 dirittoJudicio
557 4880 712 4936 praeponere
727 4866 807 4937 impia
824 4867 975 4923 temeritate
987 4867 1131 4923 deliberat.
1185 4876 1236 4940 illi,
1250 4889 1300 4931 tito
1315 4874 1425 4931 cuilibet
1441 4873 1542 4944 absque
1556 4870 1734 4942 metropolitis
1745 4873 1962 4934 oeraoedetenss

343 4952 523 5022 Relinquatur
544 4967 609 5024 crgo
626 4955 776 5024 instiusmodi
798 4955 845 5011 Dei
867 4965 1027 5011 cunctarum
1044 4957 1133 5025 iuteu·
1185 4965 1237 5021 „isi
1253 4965 1390 5021 multoties
1411 4965 1483 5020 laune
1505 4964 1612 5029 exsilia,
1626 4977 1713 5025 tuate,
1727 4962 1838 5018 uincula
1851 4978 1963 5035 panon,

344 5043 446 5096 iltllltlltt
462 5044 621 5097 scrutatoris
636 5044 738 5111 judicio
752 5062 759 5098 :
773 5044 900 5099 nimirum
915 5044 972 5113 qul,
987 5046 1133 5099 secuudum
1184 5057 1267 5112 eliam
1282 5055 1317 5111 qd
1337 5054 1480 5125 capitalem
1505 5055 1667 5110 senientiam
1683 5054 1964 5121 frequentet-inpluat

342 5132 514 5205 Apostolum,
533 5134 696 5190 constitutus
713 5144 783 5191 esta
800 5135 856 5191 [leo
871 5136 952 5206 judex
970 5136 1092 5191 rivorum
1107 5146 1135 5192 et
1185 5146 1269 5201 luisse
1293 5143 1533 5214 competistemtt23
1554 5150 1583 5198 et
1597 5142 1649 5198 nisi
1662 5143 1714 5196 boc
1732 5141 1790 5212 ipse
1810 5143 1869 5197 suis
1890 5142 1966 5195 unus

343 5233 522 5292 mortuorum,
537 5224 636 5295 quique
647 5225 724 5296 juata
738 5226 799 5282 tldci
814 5235 914 5282 nostrae
927 5226 1024 5282 stabile
1038 5226 1133 5283 lunda·
1183 5248 1216 5288 ac
1231 5231 1329 5288 talibus
1350 5230 1537 5295 detrimentis,
1551 5229 1615 5300 quin
1628 5229 1719 5299 potius
1731 5228 1848 5295 meritis,
1861 5242 1965 5299 prooe-

344 5326 464 5374 tueutuoa
478 5316 649 5388 judicaturus
670 5326 712 5373 est
729 5308 805 5373 εἰνοε
823 5323 850 5371 et
872 5324 993 5373 mortuos
1008 5316 1076 5390 (Act.
1091 5318 1130 5387 xl.
1184 5322 1303 5378 lerrimae
1324 5320 1515 5376 consolationis
1534 5318 1630 5375 solatio
1644 5319 1790 5374 meruisset
1804 5338 1812 5373 ι
1825 5328 1855 5374 ut
1869 5320 1966 5376 scibam

343 5408 478 5468 l’raeteres
492 5426 545 5466 non
559 5409 679 5466 modicas
693 5409 794 5483 gratias
807 5418 904 5467 vestre
917 5409 1076 5480 benignitati
1091 5426 1133 5466 re·
1185 5411 1284 5468 babeat
1299 5426 1350 5481 pro
1361 5409 1458 5465 exsilio
1479 5410 1504 5464 ei
1523 5418 1619 5464 catena
1632 5407 1705 5478 pallii
1727 5418 1901 5475 ornamenta,
1913 5425 1964 5465 aco

345 5503 466 5571 ierimus,
479 5504 606 5575 quoniam
620 5504 738 5575 praelatis
750 5504 924 5561 restituendis
939 5504 1131 5576 clericisqui-
1186 5501 1220 5556 ad
1234 5500 1409 5557 eeclesiaeeui
1429 5499 1636 5555 incardinandus
1655 5506 1696 5554 est
1707 5509 1867 5570 perpetuum
1884 5502 1959 5556 iusti·

342 5591 579 5663 busapostolieant
591 5594 681 5649 sedena
696 5609 804 5649 mantum
815 5594 953 5667 porrigere
966 5595 1062 5660 sensit,
1074 5594 1130 5665 ipsa
1185 5601 1284 5658 tutum,
1300 5592 1348 5648 sed
1371 5591 1405 5646 ad
1426 5606 1504 5647 suurn
1530 5590 1674 5660 specialem
1694 5591 1817 5662 certique
1837 5593 1958 5661 temporis

344 5697 450 5739 uttooue
474 5683 507 5743 ad
528 5684 633 5741 lacedem
657 5686 713 5753 lli,
734 5693 761 5742 ct
782 5685 960 5743 reuerentiam
979 5684 1129 5755 principum
1163 5735 1165 5737 ,
1186 5699 1277 5740 usum.
1290 5680 1587 5748 Potiaturittiturtanti
1601 5680 1823 5746 decorisomatu,
1837 5681 1881 5747 qui
1894 5680 1958 5735 inter
