4167 6625
68 394 133 455 833

489 400 533 458 DE
550 400 718 459 utristurtu
736 396 912 456 utronno.
931 428 967 439 -
985 396 1084 453 uoco
1105 396 1280 465 QUARTUS.

1652 403 1708 460 826

68 511 165 565 etiarn
179 507 268 565 urata
281 518 387 574 motus;
402 525 451 566 nec
473 512 617 577 immerito,
632 512 703 582 quod
716 526 768 565 non
780 508 866 565 solum
882 508 1003 577 Aliqua,
1019 515 1070 564 πᾶν
1089 507 1214 563 uidelicet
1235 517 1263 564 et
1283 509 1406 582 γνωστόν,
1428 508 1634 581 intelliguntur:
1654 522 1706 571 πᾶν

68 602 167 656 vitam
185 601 291 670 corpori
315 611 445 671 praestat,
470 618 564 657 rerum
588 606 671 658 etiam
691 612 781 659 nrorct
803 600 868 655 illud

70 691 143 746 sire
168 689 289 746 localiter
302 706 350 761 per
363 694 448 762 spatia
460 694 590 757 locorum,
604 695 661 749 sire
680 709 727 764 per
742 708 870 748 numeros

69 779 205 834 locorum
227 790 255 835 et
270 790 418 850 temporum
438 800 445 835 ε
461 781 579 836 locorum
601 797 673 837 nune
685 783 756 847 dico,
771 781 870 851 quibus

70 870 222 940 plenitudo
247 870 430 926 membrorum
445 871 581 940 impletur,
612 882 762 940 temporum
786 887 868 935 sero,

71 958 182 1026 quibus
206 958 370 1012 incrementa
386 968 503 1014 aetatum
517 960 549 1013 ad
565 959 756 1029 porrectionem
769 960 869 1014 ducun-

72 1056 135 1102 tur.
150 1047 243 1102 Tertia
259 1064 321 1119 pars
339 1057 390 1113 est,
416 1063 485 1118 qnae
499 1050 527 1104 iu
539 1052 757 1121 quinquepertito
771 1065 867 1120 corpo·

72 1153 128 1192 reo
150 1153 231 1193 serrsn
256 1139 432 1209 dignoscitur,
447 1157 517 1210 quac
542 1142 666 1196 videlieet
679 1157 743 1211 pars
757 1143 870 1211 pbanta·

71 1228 136 1282 sias
149 1227 269 1280 omnium
285 1243 374 1282 rernm
395 1230 403 1260 ¹
419 1230 597 1294 sensibilium,
613 1247 682 1301 qnae
693 1232 765 1289 eirca
783 1232 868 1286 borni·

71 1330 144 1369 nem
158 1316 321 1370 exteriorem
337 1316 655 1389 intelliguntur,.recipit,
670 1321 870 1391 uremoriaeqne

74 1406 175 1459 tradit.
198 1405 227 1461 la
244 1406 286 1461 bis
306 1408 393 1463 tribus
416 1410 539 1478 partibus
555 1419 626 1465 totus
647 1412 767 1467 exterior
789 1413 869 1467 immo

75 1494 266 1549 constituitur.
287 1496 402 1551 laterior
414 1511 478 1552 rere
492 1498 583 1559 homo,
600 1500 646 1569 qui
666 1500 692 1553 iu
709 1500 798 1555 anima
813 1500 868 1555 sula

75 1583 217 1647 subsistit,
237 1586 318 1640 etad
338 1585 483 1654 imaginent
502 1587 549 1641 Dei
574 1587 662 1642 laetus
684 1596 737 1651 est,
756 1587 869 1642 alteram

75 1675 246 1743 tripertitam
258 1676 351 1747 recipit
363 1677 565 1732 discretionem.
578 1678 665 1733 Habet
676 1679 748 1733 eninr
760 1695 869 1733 sensnm

75 1766 253 1830 interiorem,
274 1781 322 1837 per
334 1782 413 1836 quem
424 1768 512 1823 anima
528 1770 685 1839 ptrantastas
701 1770 869 1825 sensibilium

919 600 1026 670 quidem
1041 600 1068 653 in
1082 599 1203 655 interiori
1214 616 1305 664 serrsu,
1319 604 1432 675 γνωστὸν
1451 620 1515 659 rere
1527 606 1553 659 in
1567 607 1705 663 exteriori.

918 690 947 745 lu
970 691 1090 746 interiori
1109 691 1182 747 euim
1206 692 1315 747 bomine
1334 694 1438 748 babitat
1453 695 1553 750 raritas
1576 705 1604 751 et
1625 712 1707 753 onrne

919 783 1030 847 leonum,
1042 784 1113 853 quorl
1127 792 1169 838 est
1182 782 1300 839 Verbum
1315 785 1373 849 Dei,
1387 785 1525 843 Filinsliei
1540 790 1705 860 unigenitus,

920 870 1049 926 Dominus
1070 882 1163 927 noster
1176 870 1253 927 lesus
1268 872 1402 938 cbristus,
1417 884 1493 929 extra
1508 891 1590 945 quern
1604 877 1707 935 nullum

921 959 1020 1015 botrum
1035 970 1087 1025 est,
1103 962 1229 1030 quoniam
1253 963 1309 1032 ipse
1329 973 1371 1017 cst
1392 979 1472 1019 ornue
1485 979 1577 1019 rerum
1596 976 1625 1021 ει
1643 970 1707 1023 sub·

919 1050 1046 1105 stantiale
1069 1052 1169 1105 bonum
1184 1060 1211 1107 et
1226 1052 1341 1107 bouitas.
1358 1053 1435 1108 Cuie
1451 1056 1588 1110 contrario
1610 1073 1643 1111 ex
1667 1058 1708 1112 di-

919 1154 996 1194 rersa
1019 1141 1096 1211 part'e
1118 1142 1218 1197 malum
1242 1151 1270 1197 et
1293 1143 1393 1197 nralitla
1411 1147 1565 1215 opponitur.
1589 1147 1622 1201 Et
1641 1148 1706 1217 quia

919 1244 998 1284 omne
1021 1230 1119 1284 malurn
1142 1246 1193 1285 uec
1218 1231 1243 1284 in
1268 1242 1363 1286 tratura
1381 1248 1471 1287 rerum
1493 1237 1708 1291 substantialiter

919 1320 1066 1383 inuenitur,
1081 1336 1205 1390 nequecrt
1219 1331 1292 1375 certa
1306 1338 1387 1376 cansa
1401 1332 1429 1375 ει
1444 1325 1558 1378 naturali
1574 1326 1706 1394 procedit;

919 1424 968 1478 per
981 1424 1010 1464 se
1023 1411 1096 1464 euim
1118 1411 1315 1465 consideratum
1339 1413 1448 1466 orurrinn
1463 1414 1529 1468 nihil
1542 1425 1584 1468 εει
1600 1425 1707 1484 praeter

920 1500 1133 1555 irrationabilem
1147 1512 1172 1555 et
1188 1518 1343 1571 perversum
1362 1504 1601 1573 improbatumque
1622 1507 1707 1561 ratio·

920 1592 1017 1645 nobilis
1044 1600 1158 1647 araturae
1181 1601 1282 1646 motum
1301 1593 1421 1648 :nullam
1445 1595 1524 1648 aliam
1540 1595 1566 1649 iu
1584 1596 1708 1651 uniuersa

920 1681 1148 1735 creaturascdeur
1174 1681 1284 1751 reperit,
1310 1681 1360 1735 nisi
1385 1682 1430 1736 nbi
1454 1681 1558 1736 falsitas
1578 1684 1707 1754 possidet.

921 1767 1033 1839 Propria
1048 1780 1137 1825 autem
1158 1769 1282 1823 salsitatis
1298 1771 1432 1839 possessio
1444 1779 1487 1825 est
1500 1787 1595 1827 sensus
1609 1787 1709 1842 corpo·

76 1872 186 1919 rerum,
209 1872 277 1927 quas
305 1872 353 1926 per
376 1873 534 1928 corporeum
557 1876 666 1915 sensum
677 1861 787 1931 excipit,
814 1862 869 1916 dis-
886 1861 992 1922 Brerrs.
1006 1857 1082 1912 Nulla
1095 1860 1166 1913 enim
1183 1860 1234 1913 alia
1252 1876 1316 1929 pars
1329 1862 1461 1916 lrunranae
1476 1874 1589 1919 naturae
1603 1864 1707 1920 falsita-

74 1949 170 2001 eernit
194 1957 276 2017 atque
303 1948 441 2016 dijudicat.
468 1950 568 2005 Deinde
592 1951 723 2006 rationem
738 1952 868 2022 possidet,
922 1947 1457 2016 15801501'0111fecilistlifsselsslsssssssfflll
1481 1954 1656 2019 θϊῑθΐὶθῐθιΰ,
1672 1955 1709 2010 81·

72 2052 226 2107 perquam
248 2037 367 2093 ornniunr
395 2053 579 2109 rerum,quas
600 2041 642 2095 rel
666 2041 868 2111 intelligere-tel
921 2038 1029 2107 quidem
1050 2054 1098 2109 per
1109 2039 1195 2107 ipsum
1213 2048 1241 2093 ει
1255 2040 1367 2095 interior
1384 2057 1489 2105 sensus,
1503 2055 1532 2098 et
1550 2046 1628 2111 ratio,
1650 2046 1707 2115 ipse

71 2129 297 2199 santumnium,
314 2130 432 2184 rationes
455 2130 607 2201 investigat,
628 2131 769 2187 Summum
784 2134 871 2187 ltuuti·
921 2127 1002 2181 elium
1021 2127 1173 2182 intellectus
1193 2129 1351 2197 saepissime
1369 2130 1480 2184 fallitur.
1497 2132 1525 2186 Ιιι
1541 2132 1600 2189 loco
1614 2134 1707 2205 itaque

70 2224 120 2277 nis
137 2233 182 2277 est
208 2224 326 2288 animam,
355 2224 424 2279 ultra
443 2239 522 2294 quern
544 2226 571 2279 in
591 2226 818 2281 hunppppnqlqpa
835 2226 869 2281 ῃζΙ
921 2216 1215 2273 falsitatisetranarum
1225 2218 1436 2288 phbnlbsiltt'tllll,
1453 2222 1571 2287 ltocdsi,
1589 2225 1708 2279 insensu

71 2315 208 2383 superins
221 2314 366 2378 iuvenitur,
389 2316 466 2384 cujus
483 2317 621 2386 proprium
644 2315 762 2371 odicium
778 2326 828 2380 cst,
844 2326 872 2372 et

71 2403 237 2472 praedictas
252 2412 342 2474 partes
367 2403 508 2459 inferiores
526 2421 555 2461 se
577 2421 681 2477 regere,
701 2415 729 2464 et
743 2424 785 2471 ea,
801 2424 872 2478 qrrao

74 2510 162 2562 supra
178 2509 209 2549 se
233 2504 307 2555 sunt,
330 2495 415 2550 Deum
441 2511 518 2551 suunt
534 2497 669 2562 videlieet,
688 2508 716 2554 et
736 2514 780 2562 ea,
803 2514 872 2568 quae

76 2585 105 2638 in
119 2583 182 2654 ipso
194 2593 222 2638 et
235 2585 358 2653 proxime
370 2586 443 2640 cirea
468 2587 555 2656 ipsum
567 2589 729 2653 subsistunt,
740 2598 871 2659 qnantum

76 2674 185 2727 sinitur
216 2662 372 2734 ascendere,
408 2676 597 2744 contemplari.
641 2677 757 2733 Videsne
791 2679 873 2750 igitur

75 2761 221 2815 senariam
236 2760 371 2817 bunranae
387 2774 500 2819 naturae
512 2765 720 2821 discretionem?
730 2766 778 2822 Est
788 2769 872 2833 enim,

77 2864 108 2906 et
121 2852 200 2915 ririt,
222 2860 250 2904 et
275 2852 357 2906 sentit
371 2866 420 2921 per
434 2868 549 2922 eorpus,
567 2854 650 2908 sentit
671 2866 749 2910 extra
761 2871 871 2925 eorpus,

80 2944 274 3007 ratiocinatur,
285 2944 420 3013 intelligit.
432 2945 486 3001 Sed
499 2945 542 3000 illa
555 2946 620 3011 tria,
633 2962 702 3017 quae
713 2947 739 3002 in
752 2946 873 3003 inferiori

78 3046 163 3104 parte
184 3036 300 3091 bominis
323 3036 334 3066 ²
356 3045 573 3105 cognoscuntur,
604 3037 786 3108 corruptibilia
812 3047 875 3094 sunt

80 3124 265 3193 solutionique
306 3124 442 3191 obnoxia3
470 3127 603 3181 ternarius
635 3142 700 3181 vero
726 3110 873 3197 superioris

921 2324 1062 2379 corporeo,
1091 2311 1136 2378 qui
1161 2326 1176 2365 a
1200 2310 1310 2365 Graecis
1326 2310 1444 2374 aiebam,-
1466 2323 1587 2379 vocatur,
1609 2323 1637 2369 et
1658 2316 1709 2369 sub

922 2400 1006 2470 figura
1026 2399 1146 2454 audieris
1164 2400 1462 2475 immurmurabant,
1478 2405 1592 2471 bocest,
1609 2405 1709 2475 lignum

923 2490 1055 2545 scientiae
1074 2491 1136 2546 beni
1148 2500 1175 2547 et
1190 2493 1253 2547 mali
1266 2495 1452 2557 constituitur,
1469 2496 1569 2550 malitia
1583 2497 1709 2552 uidelicet

922 2578 1097 2650 inplrantasia
1109 2581 1171 2635 boui
1180 2581 1308 2646 colorata,
1317 2583 1359 2637 rel
1374 2585 1474 2639 rrralum
1486 2585 1683 2657 configuratum
1699 2587 1710 2618 ⁸

922 2669 1004 2733 bono,
1027 2669 1079 2735 rel,
1100 2679 1129 2725 ut
1146 2670 1304 2741 simpliciter·
1316 2673 1415 2739 dicam,
1431 2674 1527 2728 ialsnnr
1542 2676 1653 2740 bonum,
1669 2676 1711 2732 rel

922 2760 1023 2816 malum
1038 2761 1090 2817 sub
1110 2762 1194 2832 ligura
1211 2764 1273 2818 boui
1295 2762 1391 2830 latens,
1414 2764 1490 2833 cujus
1505 2765 1608 2821 fructus
1626 2768 1712 2822 mixta

923 2853 1035 2908 seientia
1050 2862 1103 2917 εει,
1117 2854 1169 2908 boe
1185 2861 1238 2916 est,
1257 2854 1379 2909 corriusa.
1395 2854 1576 2910 Corrirnrditur
1589 2857 1660 2912 enim
1675 2872 1710 2911 es

924 2943 996 2996 malo
1008 2940 1119 3005 latente,
1132 2951 1158 2997 et
1171 2958 1204 2996 ex
1221 2942 1305 2996 iorma
1320 2942 1382 2997 boui
1399 2943 1542 3012 patefacta,
1555 2959 1586 2999 ae
1598 2959 1646 3014 per
1661 2946 1713 3000 boc

924 3030 1029 3085 seducit
1048 3031 1135 3098 primo
1156 3046 1276 3094 sensum,
1296 3030 1323 3084 in
1345 3041 1463 3099 quaest,
1480 3031 1711 3102 velutiquandaot

925 3117 1064 3174 mulierem
1078 3119 1233 3174 discernere
1248 3135 1301 3173 non
1327 3120 1461 3176 ualentem
1480 3122 1551 3177 iuter
1570 3124 1711 3190 mantiam,

79 3214 183 3285 protis,
196 3214 239 3282 qni
254 3214 282 3267 in
313 3222 325 3256 ⁸
343 3211 399 3268 sola
411 3214 502 3271 anima
512 3215 624 3270 omnino
636 3214 758 3271 absolute
773 3216 874 3271 eonsti-
887 3189 910 3253 c
925 3225 994 3278 quur
1012 3208 1087 3273 latet,
1101 3218 1129 3264 ei
1153 3210 1266 3265 termam
1279 3211 1355 3276 b⁰¹¹lt
1369 3226 1422 3281 (ιω
1437 3213 1493 3282 Ῑβιι
1508 3213 1609 3267 malitia
1625 3213 1713 3267 multi·

81 3313 160 3360 tutus
174 3313 226 3370 est,
251 3303 462 3373 incorruptibilis
484 3314 512 3359 et
533 3304 685 3361 insolubilis
699 3315 726 3361 et
748 3316 875 3362 aeternus
924 3306 978 3353 lut·
1002 3296 1102 3353 Mrrlitia
1127 3298 1260 3368 mquidem
1284 3315 1334 3370 per
1351 3314 1380 3354 se
1396 3299 1554 3356 «biennius
1577 3302 1731 3370 quaedam-

80 3396 197 3458 meritn,
211 3395 275 3450 dnm
297 3396 322 3449 iu
343 3409 375 3450 eo
391 3395 479 3467 imago
500 3395 606 3451 divinae
621 3406 734 3451 naturae
747 3411 874 3467 expressa
923 3399 966 3444 est
984 3399 1012 3445 el
1024 3390 1213 3446 abourinabilis
1228 3391 1377 3461 turpitudo,
1390 3406 1471 3461 qnam
1486 3392 1508 3446 si
1533 3406 1581 3462 per
1594 3392 1711 3462 seipsam

80 3494 140 3538 cst.
156 3484 273 3552 ideoque
286 3499 301 3539 a
314 3484 432 3549 Graecis,
448 3492 477 3539 nt
499 3484 525 3539 in
539 3486 674 3555 prioribus
687 3485 764 3541 libris
781 3486 876 3542 docui·
923 3495 1019 3537 errans
1031 3497 1127 3537 sensus
1139 3490 1322 3549 cognosceret,
1338 3497 1391 3538 unu
1404 3482 1490 3537 solnm
1513 3498 1565 3537 uon
1586 3499 1713 3553 sequere·

83 3589 157 3636 crus,
172 3575 262 3637 οὐσία,
277 3572 394 3646 δύναμις,
408 3584 436 3630 ει
455 3574 565 3652 ἐνέργεια
588 3574 725 3646 praefatus
740 3577 873 3633 ternarius
925 3580 978 3637 tur,
1002 3587 1090 3642 neque
1104 3587 1136 3625 ca
1150 3572 1336 3638 delectaretur,
1355 3572 1542 3627 verumetiam
1567 3571 1671 3642 urgeret
1684 3582 1713 3628 et

83 3665 225 3718 bumanae
245 3662 351 3717 animae
363 3664 506 3729 recitatur,
522 3665 567 3733 qui
582 3673 651 3720 teste
668 3675 762 3719 saneto
777 3666 876 3737 Diony·
924 3661 1094 3715 abhorreret.
1119 3660 1200 3715 Errat
1220 3673 1309 3715 autern
1331 3661 1460 3731 iusipiens
1482 3677 1587 3728 sensus,
1612 3679 1644 3718 ae
1665 3679 1714 3733 per

84 3756 126 3809 sio
140 3768 192 3807 nee
215 3753 294 3818 solri,
317 3768 367 3809 nee
390 3754 536 3823 corrumpi,
559 3770 609 3809 nee
624 3755 677 3808 ullo
692 3756 771 3812 modo
783 3757 874 3826 perire
924 3750 976 3806 boe
989 3752 1131 3821 decipitur,
1146 3751 1259 3806 credens
1281 3751 1381 3806 uraium
1406 3754 1505 3808 bonnm
1520 3761 1547 3808 ct
1569 3754 1713 3823 pulchrum

85 3850 184 3911 potest
200 3841 347 3896 Corrsidera
365 3857 429 3912 crgo
447 3846 632 3900 extremitates
645 3845 779 3900 bumanae
793 3857 874 3901 natuu

87 3950 133 3988 rae
147 3933 231 3988 relati
252 3934 400 4005 cujuspiam
414 3936 531 4005 paradisi
546 3936 677 3991 ternriuos
696 3951 802 3992 sursum
815 3952 875 3991 rer·

86 4039 132 4077 sus
144 4031 226 4092 atque
238 4022 376 4090 deorsum,
390 4034 466 4079 extra
480 4040 547 4094 qnos
561 4025 632 4080 nulla
647 4035 737 4081 creata
750 4026 876 4098 intelligi·

86 4126 131 4170 tur
144 4126 253 4172 natura.
269 4115 406 4186 Siquidem
423 4117 491 4171 ultra
512 4119 631 4172 animum
647 4119 721 4172 solus
740 4117 810 4173 lieris
822 4126 874 4184 est,

89 4206 155 4261 inira
170 4208 323 4272 materiam,
338 4223 437 4278 eorpus
458 4209 518 4264 dieo
540 4210 721 4273 solemniis!
743 4221 804 4276 est;
822 4227 874 4267 non

88 4297 154 4351 illud
168 4296 243 4360 nibil,
256 4299 327 4367 qnod
343 4314 391 4367 por
402 4297 587 4353 excellentiam
598 4309 718 4363 naturae,
735 4301 782 4354 rod
798 4301 871 4363 iilud,

89 4390 158 4458 qnod
182 4407 231 4461 per
255 4391 431 4468 privationem
456 4393 539 4446 totius
561 4401 673 4448 naturae
688 4402 716 4447 et
734 4393 832 4448 dicitur
846 4401 876 4448 et

925 3855 995 3908 esse,
1010 3851 1038 3896 ει
1048 3842 1082 3896 ad
1097 3857 1175 3897 usum
1188 3857 1279 3898 snare.
1297 3841 1377 3897 Verbi
1399 3844 1495 3912 gratia,
1509 3851 1538 3897 ut
1552 3843 1643 3913 aliquo
1656 3853 1714 3897 uta·

925 3948 986 3987 mur
1000 3931 1135 4001 exemplo,
1157 3932 1220 3984 dum
1242 3930 1383 4000 pbautasia
1404 3933 1474 3995 auri,
1497 3931 1539 3985 rel
1562 3931 1712 4002 cujuspiam

924 4020 1062 4076 sensibilis
1073 4019 1203 4074 materiae
1217 4034 1348 4088 corporeo
1362 4020 1453 4074 sensui
1469 4021 1641 4090 imprimitur,
1655 4023 1712 4094 ipsa

924 4111 1067 4181 phantasia
1093 4109 1204 4180 pulcbra
1226 4118 1307 4179 atque
1332 4109 1448 4166 iornrusa
1472 4112 1587 4177 ridetur,
1602 4115 1665 4183 qnia
1681 4116 1714 4170 rle

922 4212 1048 4266 ‚ereatura
1063 4203 1132 4256 bona
1142 4202 1310 4256 extrinsecus
1321 4214 1458 4273 assumpta
1470 4214 1529 4270 est3
1545 4207 1591 4260 sed
1607 4207 1711 4273 rnnlier,

926 4295 977 4349 boe
992 4303 1044 4357 est,
1059 4293 1176 4348 earrtalis
1193 4308 1289 4348 sensus
1303 4294 1471 4362 deripitnrct
1485 4295 1646 4358 delectatur,
1658 4312 1712 4350 non

925 4387 1044 4440 sentiens
1059 4386 1186 4440 latentem
1201 4384 1251 4439 snb
1269 4385 1325 4452 ipsa
1346 4383 1413 4438 laisa
1428 4394 1456 4438 et
1476 4385 1643 4454 pltarrerstica
1658 4385 1714 4454 pul·

90 4480 231 4548 cogitatur.
247 4480 368 4536 irrreuies
383 4481 484 4551 itaque,
504 4483 529 4536 ni
545 4482 639 4544 lallur,
660 4484 778 4539 animum
800 4500 874 4539 sum·
925 4476 1077 4532 cte-trudine
1089 4475 1229 4536 malitiam,
1247 4473 1297 4526 ¹¹00
1316 4483 1368 4535 ⁰⁵¹·
1387 4474 1579 4544 llhflifilli'iul
1592 4475 1616 4537 ἐ
1640 4489 1709 4543 ‹1¹⁸³ss

91 4586 161 4622 nrum
174 4580 288 4625 naturae
302 4572 434 4634 immanae
451 4572 536 4627 iocum
552 4573 685 4639 obtinere,
701 4589 799 4643 corpus
811 4590 875 4629 reru
926 4578 962 4620 est
976 4566 1052 4620 radix
1066 4566 1182 4618 ‘tmuium
1196 4562 1335 4618 'ilditil'it’l-
1350 4562 1402 4629 0¹¹5
1415 4565 1506 4617 uiderit
1526 4567 1660 4619 'liulieffm
1677 4566 1713 4618 dd

91 4659 228 4712 rnateriale
252 4658 382 4714 ininunm.
409 4660 514 4716 intuere
538 4663 622 4717 etiam
645 4665 732 4718 uredia
755 4664 874 4732 ejusdem
926 4654 1235 4722 ⁶⁰11011df⁸⁶0111¹²¹²i¹essm=
1249 4651 1377 4708 0⁰¹¹2l¹¹¹¹⁵
1391 4653 1551 4721 industriam
1565 4657 1714 4708 menorans

93 4757 212 4806 naturae,
231 4756 259 4800 et
281 4747 399 4802 inrenies
415 4748 482 4801 inira
502 4749 622 4804 arriruum
646 4751 770 4821 superius
792 4754 876 4806 ratin-
926 4756 963 4799 eu
982 4748 1010 4799 in
1029 4745 1106 4797 corde
1119 4761 1175 4796 sno.
1193 4742 1232 4795 de
1249 4743 1270 4796 si
1284 4751 1377 4810 aperte
1394 4742 1496 4795 diceret
1512 4759 1520 4796 2
1536 4742 1587 4808 Qui
1602 4742 1714 4811 phania·

95 4852 161 4902 uem,
175 4851 258 4903 supra
276 4851 372 4906 corpus
385 4835 496 4891 iuferius
515 4839 622 4893 sitalem
642 4850 754 4905 mutum,
769 4842 876 4895 nutriti·
927 4836 995 4889 siam
1007 4833 1041 4887 de
1061 4833 1147 4886 f0¹t¹¹³
1167 4829 1284 4884 sentiit&
1305 4846 1354 4884 ευι)
1374 4828 1477 4883 edibili
1502 4830 1587 4900 intigit
1611 4830 1713 4894 sensui,

95 4940 152 4979 ram
165 4927 226 4980 dien
239 4925 339 4990 ritam3
363 4935 390 4980 et
412 4928 508 4980 iterum
524 4927 551 4980 in
567 4928 622 4996 ipsa
640 4928 784 4983 medietate
799 4939 875 4983 natu·
923 4926 980 4995 jam
997 4925 1154 4978 moeebatus
1166 4931 1206 4975 est
1221 4922 1247 4976 iu
1263 4922 1425 4991 rogitatione
1438 4935 1496 4983 sua,
1516 4931 1643 4991 appetens
1657 4932 1714 4984 tur,-
1791 4941 1796 4948 ·

95 5029 149 5080 rae,
163 5017 242 5069 reluti
260 5016 286 5070 in
304 5016 391 5069 medio
403 5017 532 5086 paradisi,
553 5019 619 5072 duos
633 5034 739 5084 sensus,
755 5020 873 5074 exterio·

97 5122 149 5160 rem
170 5107 303 5171 rirleiicet,
315 5107 390 5161 uitali
406 5108 487 5162 motui
503 5109 662 5178 corporique
675 5103 875 5176 adlrac'rentern,

97 5207 122 5249 ct
142 5197 308 5258 interiorem,
330 5196 426 5251 rationi
454 5196 596 5267 animoque
611 5198 829 5266 inseparabiliter
851 5208 877 5253 et

99 5286 358 5340 consubstantialiter
372 5284 574 5357 ‘cortjnneturn
587 5287 614 5340 ln
626 5289 668 5343 bis
681 5289 762 5358 igitur
774 5291 878 5344 duobus

100 5376 226 5440 sensibus,
242 5374 324 5429 relnti
339 5375 365 5428 iu
379 5375 537 5444 quibusdam
553 5376 657 5431 dnobus
671 5376 737 5432 loeis
764 5378 843 5431 nredii
867 5379 878 5411 ⁸

101 5463 227 5524 humanae
252 5476 365 5522 naturae
395 5468 524 5536 paradisi,
551 5467 603 5523 duo
631 5469 674 5523 illa
702 5469 878 5540 intelligibilia

927 5016 1075 5088 pitruliuem
1098 5013 1227 5074 libidinis,
1258 5027 1327 5079 quae
1349 5027 1378 5065 se
1400 5011 1516 5064 latenter
1536 5012 1648 5066 attrabit
1664 5015 1715 5072 sub

929 5107 993 5161 falsa
1009 5105 1053 5159 itta
1071 5103 1209 5157 muliebris
1229 5101 1332 5156 immae
1347 5101 1545 5169 imaginatione.
1560 5101 1607 5155 Est
1620 5102 1713 5171 igitur,

928 5207 958 5251 ut
972 5195 1165 5267 praediximus,
1187 5193 1288 5259 lignum
1301 5192 1429 5246 scientiae
1444 5193 1505 5246 boni
1518 5202 1546 5246 et
1559 5193 1621 5246 mali
1640 5193 1716 5246 mali·

930 5288 965 5342 tia
978 5285 1130 5357 perniciosa
1143 5281 1348 5350 mortiferaque,
1362 5280 1387 5333 in
1398 5280 1726 5351 liguraboniimaginata,

929 5389 956 5436 ει
973 5380 1024 5433 iroc
1046 5378 1146 5448 iignum
1160 5375 1171 5406 ⁸
1185 5374 1267 5428 ueluti
1291 5374 1361 5428 itura
1384 5372 1517 5442 quandam
1533 5372 1671 5433 seminam,
1688 5372 1715 5426 itt

931 5469 1034 5524 carnali
1049 5467 1153 5522 scilicet
1164 5464 1174 5496 ³
1187 5480 1280 5528 sensu,
1294 5479 1374 5533 quern
1399 5465 1511 5533 decipit,
1524 5466 1713 5528 constitutum,

727 5584 854 5640 vantur.
872 5580 1073 5640 coementis.

135 5672 272 5728 ⁸Arerrrm
288 5674 415 5727 munium.
464 5672 857 5746 'SieCF;1lnontinisporte.
900 5670 1065 5727 'inumb
1115 5667 1287 5732 ‘siemcr
1302 5666 1517 5748 constantiolam.
1561 5664 1716 5750 {SirCl'td

102 5741 195 5797 mediis.
231 5744 243 5774 ⁰
256 5744 302 5798 Sic
311 5742 369 5810 CF,
383 5743 447 5798 liert
457 5742 610 5814 fiqrrrutonr.
633 5743 697 5799 ’Gi‘
715 5745 881 5817 plrilurqimn.
907 5745 918 5774 ¹¹
930 5744 975 5800 Sic
988 5740 1072 5807 erm
1088 5749 1125 5793 est
1140 5741 1251 5809 lignum.
1278 5737 1344 5790 'Sre
1359 5735 1411 5802 Βῆ
1426 5736 1554 5791 terrum
1565 5754 1592 5790 nr
1604 5735 1715 5838 eurardi.
