4167 6625
295 310 364 370 rana
977 304 1121 367 tonnus
1140 305 1238 365 seori
1863 288 1937 348 ¹2⁶⁸

294 426 384 482 onttria
399 423 520 493 operatio
539 421 586 479 [lei
601 429 627 478 et
649 421 790 496 dignorum
805 420 872 488 Deo,
891 435 978 490 magis
994 429 1084 476 autem
1097 420 1123 482 A
1136 432 1195 476 aunt
1210 420 1307 483 omnin,
1322 415 1424 489 qetneiu
1437 413 1515 469 caelia
1528 421 1549 466 et
1564 427 1630 482 quire
1642 424 1669 462 ιιι
1683 407 1827 468 retiariae
1841 405 1936 460 atstei-

295 515 378 570 solins
392 514 451 571 Ilei.
461 522 551 584 utpote
566 521 620 569 tolo
642 521 712 569 tutos
730 512 824 582 dignos
843 513 910 568 bene
930 528 961 567 ac
974 511 1086 581 pulchre
1136 513 1173 568 iiu
1185 514 1237 569 uiue
1250 511 1399 574 itruitiliilin,
1410 509 1461 564 ciue
1472 506 1637 569 Tirruni,siae
1646 501 1866 580 'dominationem
1877 498 1938 550 tice

296 580 1086 675 arribiente.Offiuimnecessitatepcromniacircaaliud
1140 607 1315 679 Principum,
1329 595 1380 659 riae
1401 601 1544 657 Putestutee
1568 598 1683 660 :onitin
1704 611 1736 649 ee
1761 595 1819 662 ipro
1839 599 1864 643 et
1885 605 1938 660 per

296 695 360 763 quid
374 695 685 768 quiescentpotestatiro
704 704 777 751 motu
795 695 839 765 qui
858 695 1003 750 seeundum
1019 692 1087 747 desi·
1136 701 1220 772 §paam
1244 709 1267 753 et
1286 698 1386 767 inipso
1407 703 1494 749 euentu
1512 703 1582 747 tunt.
1601 688 1703 744 Causas
1726 684 1800 739 enirn
1825 696 1936 745 mrum,

295 785 457 850 dariumest,
469 786 767 859 novissintoapparente
777 783 1049 856 datoctparticipato,
1060 773 1088 838 ct
1137 805 1206 861 quaa
1220 788 1290 845 saera
1303 795 1374 850 surra,
1389 787 1490 840 habens
1508 791 1569 836 ante
1582 779 1670 836 secula
1692 773 1936 848 praesubstitutas,

297 877 538 933 corrationabiliter
551 878 769 954 participantium
784 877 873 933 uirtuti
883 875 1087 947 itrcompreltcn·
1136 881 1273 938 uoluntate
1285 880 1355 935 bona
1368 874 1514 931 secundnm
1526 887 1573 927 eas
1583 869 1716 925 visibilem
1729 875 1755 922 et
1770 864 1935 919 invisibilem

298 970 712 1044 sibilitermtitadicam,capto;
730 970 763 1025 ad
783 971 854 1042 quod
869 971 958 1025 orariis
978 968 1088 1024 iestinat

298 1035 606 1118 eonteraai'tfteffe’ls'i’el
615 1063 765 1119 intellectus
775 1105 783 1132 ,
794 1075 817 1118 et
827 1063 853 1118 iu
863 1063 933 1135 quoti
939 1064 1022 1117 omnia
1032 1074 1087 1116 atu·

299 1153 1028 1227 dilituturuppetitut,ettaprnquudnullumodosertnr,·
1044 1173 1089 1210 ne·

297 1244 420 1316 queenim
441 1243 528 1312 iubet,
546 1247 621 1301 etad
640 1247 709 1317 quud
724 1248 805 1301 tendit
832 1247 916 1301 nutarit
940 1246 1088 1316 festinantia

298 1344 395 1400 mutua,
407 1345 431 1389 et
444 1353 460 1388 u
475 1353 525 1403 quo
538 1336 696 1390 uerrientilrua
707 1337 790 1391 omitit
805 1334 1030 1406 contemplationit
1050 1352 1090 1389 ee·

297 1428 380 1500 quiea,
395 1436 424 1482 ut
434 1426 576 1482 ailbratus
588 1429 639 1482 iste
652 1429 788 1499 magister.
803 1425 895 1497 Neque
905 1427 955 1482 erit
969 1429 1032 1498 qrrirl
1044 1445 1090 1483 ειι-

300 1527 341 1573 tra
356 1519 438 1574 Deum
456 1529 519 1574 trine
530 1518 741 1584 manifestatum,
756 1528 804 1574 atat
827 1519 884 1573 ileo
898 1528 1007 1573 econtra
1023 1519 1089 1573 inta-

300 1597 414 1679 ginari·
434 1609 532 1672 ιιὶειιιιι,
547 1619 576 1664 ιιι
593 1607 707 1677 alicujus
729 1609 892 1663 desiderium
915 1610 948 1663 ad
970 1608 1088 1679 seipsum

298 1696 381 1753 ssuere
395 1700 497 1754 erroris
511 1700 545 1753 sit
557 1698 582 1764 b,
597 1699 723 1753 omnibus
742 1698 850 1754 ambitis
872 1699 977 1770 abipso
993 1700 1090 1754 intelli·

299 1787 425 1857 gibilibus
438 1796 465 1842 et
479 1787 651 1844 sensibilibus
666 1789 810 1844 secundnm
828 1787 988 1844 incllabileru
1004 1790 1089 1862 ipsius
1104 1763 1127 1823 B

299 1877 545 1934 manifestationem
558 1890 585 1935 et
602 1880 800 1950 praesentiam,
809 1880 890 1951 ficut
904 1897 991 1952 neque
1004 1882 1030 1936 in
1046 1882 1089 1936 die

300 1969 404 2026 siderea
428 1969 527 2026 lumina
542 1980 569 2026 et
588 1972 645 2043 ipsa
666 1980 751 2038 astra,
773 1972 829 2028 sole
846 1986 992 2043 apparente
1005 1973 1089 2029 multo

299 2069 328 2117 et
341 2062 543 2133 incomparabili
557 2063 667 2129 lumine,
683 2080 714 2120 et
730 2081 782 2135 quo
795 2066 835 2120 eis
848 2065 946 2120 ltuuina
959 2081 1029 2130 esse,
1042 2081 1088 2120 oc·

300 2150 412 2218 crrltata,
423 2163 451 2207 et
462 2168 560 2223 neque,
569 2152 632 2224 qnia
643 2165 715 2221 siant,
726 2163 856 2225 quanttun
869 2156 959 2210 sensui
971 2155 1087 2225 cognita.

299 2244 328 2300 ln
351 2245 405 2302 Deo
424 2261 487 2302 vero
510 2246 578 2318 plus,
601 2257 730 2319 qnantum
753 2248 824 2304 inter
850 2266 902 2304 ttnn
923 2257 1042 2302 creatum
1062 2257 1089 2302 et

300 2348 431 2403 creatum,
452 2336 555 2393 infinita
578 2340 708 2394 medietas
730 2347 772 2394 est
791 2347 818 2395 et
836 2339 996 2395 differentia.
1015 2338 1090 2394 Tune

300 2427 372 2482 enim
386 2443 435 2497 per
446 2429 589 2484 essentiam
602 2444 705 2496 eortuu,
720 2441 874 2501 quaesunt,
888 2429 1089 2486 sttbsisteutiant

300 2520 449 2574 securandum
464 2520 547 2591 quod,
564 2521 639 2591 quid,
654 2531 682 2576 et
703 2522 847 2591 quomodo,
863 2529 891 2576 ct
912 2522 937 2575 in
953 2537 1006 2592 quo
1019 2536 1089 2588 esse,

301 2611 331 2661 nt
351 2607 485 2671 arbitror,
499 2608 632 2672 seientes,
644 2610 676 2665 ad
690 2610 753 2680 quid
769 2610 918 2681 appetitum
935 2610 1023 2666 adbuc
1041 2625 1091 2681 per

301 2697 481 2766 cognitionem
503 2712 555 2753 non
575 2700 761 2766 movebimus,
782 2698 991 2770 uniuscujusque
1015 2709 1044 2756 et
1063 2700 1090 2756 in

302 2803 465 2860 unoquoque
477 2799 581 2858 eorum,
594 2807 664 2865 quae
678 2804 738 2864 post
753 2795 837 2851 Deum
850 2804 924 2860 strat,
937 2796 1091 2867 cognitione

302 2881 380 2937 nobis
390 2891 583 2949 εοιιειιιιιιιιιιιι,
598 2890 625 2938 et
640 2882 744 2940 inlinita
756 2900 787 2940 ac
799 2883 889 2940 diuina
902 2894 930 2941 ct
943 2885 1092 2955 incompre-

303 2972 427 3029 bensibili
443 2967 579 3031 fructuose
595 2969 672 3032 nobis
697 2975 935 3047 proportionaliter
956 2978 1091 3049 proposita

301 3066 443 3122 mansione
456 3077 483 3123 et
498 3067 714 3148 participatione.
737 3065 770 3122 tta
791 3063 842 3123 hoc
855 3075 906 3131 est,
927 3067 998 3139 quod
1011 3068 1090 3124 ualde

301 3157 520 3228 pirllosopltatum
540 3165 582 3215 εει
602 3143 988 3216 εεειιιιιιιιιιῖἆὲἶῐιῖιῖιῖἧιῖιῆ
1008 3114 1130 3232 magt-⁰

1138 986 1171 1028 ex
1198 985 1251 1026 uon
1272 971 1403 1025 existente
1425 964 1562 1021 substituit
1580 969 1752 1025 creaturam,
1777 956 1886 1012 ratione
1907 961 1934 1008 et

1138 1063 1268 1140 sapientia
1292 1062 1381 1117 omnia
1401 1057 1547 1114 secundnm
1568 1061 1750 1124 opportunum
1776 1057 1886 1118 tenipus
1909 1053 1936 1102 et

1139 1156 1204 1213 lecit
1222 1163 1250 1210 et
1269 1154 1342 1216 iacit,
1358 1161 1385 1206 et
1396 1165 1466 1222 quae
1482 1145 1670 1204 uniuersaliter
1684 1151 1747 1197 surtt
1763 1148 1790 1195 et
1803 1154 1875 1208 quac
1888 1152 1935 1207 pet

1139 1247 1253 1322 singula.
1273 1247 1385 1302 Causam
1397 1244 1466 1299 coint
1482 1239 1645 1311 drigelornm
1659 1234 1810 1292 creationis
1821 1233 1934 1302 praedir-

1139 1342 1211 1397 aisse
1229 1338 1365 1395 eredimus
1380 1350 1488 1391 eausam
1506 1330 1717 1402 atirinscujusqne
1740 1325 1930 1396 complentium

1141 1433 1281 1496 mundum,
1303 1431 1347 1500 qui
1371 1444 1452 1497 super
1475 1441 1522 1480 nos
1541 1433 1593 1488 est,
1619 1421 1801 1478 essentiarum
1815 1418 1930 1474 etrirttt·

1142 1533 1214 1587 ιιιιιι;
1229 1519 1359 1575 rationein
1375 1516 1512 1571 bominum
1532 1513 1662 1567 rationein
1678 1507 1890 1578 uniuscujusque
1902 1518 1934 1560 et

1143 1613 1197 1669 lico
1214 1628 1273 1668 esse
1293 1610 1492 1677 arripientium,
1517 1614 1547 1659 ut
1569 1621 1622 1659 non
1643 1618 1691 1671 per
1709 1600 1816 1672 singula
1838 1599 1936 1660 alicam,

1141 1704 1274 1800 Qu
1295 1702 1351 1771 ipse
1373 1697 1477 1755 induite
1495 1713 1542 1766 per
1563 1695 1681 1766 scipsum
1695 1689 1936 1764 supereminentia,

1143 1801 1204 1872 ditm
1227 1798 1261 1852 sit
1281 1794 1421 1850 lncliabilis
1435 1805 1461 1848 ct
1477 1790 1666 1862 intelligibilis,
1682 1800 1708 1845 et
1722 1789 1814 1844 omnis
1835 1803 1937 1842 stimma

1140 1899 1293 1950 creaturae,
1314 1896 1341 1941 et
1364 1885 1505 1942 existentis
1528 1901 1575 1955 ρει
1596 1884 1713 1954 seipsam
1737 1891 1764 1938 et
1790 1880 1938 1936 intellectae

1140 1978 1308 2034 differentiae
1335 1986 1363 2031 et
1384 1974 1566 2036 discretionis,
1592 1974 1711 2042 seipsum
1743 1972 1770 2025 in
1802 1969 1937 2025 outnibns·

1140 2084 1209 2139 quae
1224 2084 1256 2123 er
1271 2082 1304 2122 eo
1319 2077 1394 2128 sunt,
1406 2064 1571 2135 singulorum
1589 2062 1740 2133 analogiam
1753 2062 1824 2115 bene
1836 2074 1869 2112 ac
1882 2056 1938 2128 pul·

1140 2160 1206 2214 cirre
1235 2155 1413 2214 ostendcns‘¹
1443 2165 1470 2211 et
1494 2153 1691 2224 multiplicans:
1713 2160 1743 2206 et
1769 2150 1797 2203 in
1824 2149 1938 2218 seipsum

1140 2253 1229 2307 omnia
1247 2248 1438 2320 complanans,
1450 2261 1588 2316 perquem
1602 2253 1629 2298 et
1644 2259 1715 2306 esse,
1727 2250 1755 2296 et
1765 2253 1934 2312 permanere,

1140 2353 1167 2398 et
1182 2358 1215 2397 ex
1230 2357 1292 2412 quo,
1310 2354 1378 2409 qnae
1391 2341 1478 2409 penita
1493 2347 1565 2400 stant,
1580 2337 1652 2392 etad
1667 2351 1748 2406 quent
1761 2335 1852 2404 genita
1863 2339 1933 2396 suut,

1140 2445 1168 2493 et
1179 2435 1315 2493 manentia
1331 2443 1357 2489 et
1375 2446 1448 2490 mota
1462 2431 1624 2503 participant
1639 2429 1734 2485 ileum.
1753 2426 1853 2484 Omnia
1867 2426 1935 2479 enim

1140 2524 1312 2597 participant,
1326 2540 1358 2580 eo
1372 2524 1443 2595 qnod
1458 2537 1493 2578 er
1503 2523 1559 2578 oen
1573 2520 1644 2577 iacta
1657 2527 1738 2581 suut,
1752 2516 1939 2588 proportione

1140 2619 1203 2674 liter
1216 2615 1312 2681 Derim,
1328 2616 1385 2671 siue
1398 2630 1447 2684 per
1459 2612 1636 2675 intellectum,
1652 2610 1709 2666 sire
1721 2608 1872 2670 rationem,
1886 2605 1939 2658 sire

1141 2724 1261 2775 seusium,
1276 2705 1334 2762 sive
1344 2714 1445 2761 motrtrn
1457 2703 1576 2768 vitalem,
1591 2702 1647 2758 sire
1657 2698 1845 2762 essentialem,
1856 2700 1939 2753 etba·

1141 2801 1227 2856 bitum
1242 2798 1480 2868 opportunitatem,
1497 2805 1526 2851 ιιι
1538 2810 1637 2864 magno
1655 2802 1683 2852 et
1707 2792 1805 2848 diuino
1825 2792 1939 2846 manile·

1142 2889 1238 2946 statori
1263 2888 1391 2960 llionysio
1412 2888 1519 2944 uidetur
1542 2886 1731 2957 Areopagitae.
1752 2882 1941 2953 Unusquisque

1143 2994 1210 3065 Q
1233 2962 1438 3050 intelligibilium
1457 2986 1484 3033 et
1503 2975 1705 3032 rationabilium
1727 2974 1890 3046 angelorum
1915 2980 1941 3028 et

1143 3072 1284 3130 bominum
1299 3086 1348 3143 per
1359 3085 1430 3133 eam,
1445 3085 1498 3140 qua
1513 3077 1622 3124 creatus
1644 3076 1703 3132 est,
1725 3068 1875 3129 ratiottent,
1893 3078 1942 3134 qua

1146 3164 1173 3219 in
1188 3163 1305 3226 lleoest,
1319 3161 1392 3217 etad
1406 3159 1490 3214 Derim
1508 3169 1560 3224 est,
1577 3173 1641 3227 pars
1660 3166 1746 3212 estet
1761 3157 1865 3213 dicitur
1886 3155 1939 3223 liei,

304 3256 391 3304 strum
406 3247 553 3317 dicentem,
568 3252 761 3323 eoquoreituroa
776 3267 823 3305 ιιοι
835 3252 990 3323 quaudoque
1009 3267 1094 3323 quun·
1144 3270 1193 3328 per
1207 3270 1283 3313 suant
1298 3252 1520 3308 anteexistentem
1535 3250 1561 3303 in
1577 3249 1643 3314 Deo,
1667 3247 1738 3304 sicut
1761 3248 1869 3303 dictum
1891 3255 1937 3310 est.

304 3351 358 3395 tum
388 3343 485 3411 coquitl
516 3358 626 3409 eumue,
656 3360 715 3398 eunt
745 3343 872 3413 deiforme
906 3344 955 3399 iroc
976 3353 1001 3398 et
1029 3343 1096 3398 dioi-
1144 3347 1389 3434 carrmm.ltaque,
1406 3344 1429 3399 si
1444 3342 1591 3399 secundum
1612 3342 1698 3411 ipsam
1720 3348 1895 3403 moreretur,
1916 3338 1941 3393 iu

305 3444 378 3499 ntttu,
394 3443 511 3513 nattrttm
539 3432 655 3487 animum
676 3443 700 3489 et
726 3433 854 3489 rationem
876 3433 981 3505 proprio
1008 3435 1096 3489 admi-
1144 3439 1200 3495 lieo
1215 3437 1302 3502 lieret,
1319 3436 1345 3490 in
1364 3451 1417 3505 quo
1434 3433 1567 3489 essentiae
1581 3446 1645 3487 strae
1659 3430 1728 3486 ratio
1743 3438 1807 3485 ante
1820 3431 1903 3493 inest,
1917 3437 1943 3483 et

304 3522 442 3584 aeclinant,
455 3524 574 3594 etdmuqo
588 3535 729 3579 revertetur
737 3524 771 3579 nd
782 3525 927 3594 principale
938 3525 1093 3598 eeemplunr,
1145 3527 1172 3584 in
1186 3529 1319 3601 principio
1331 3535 1359 3582 et
1371 3516 1463 3589 eans'a,
1484 3534 1512 3580 et
1533 3520 1631 3579 nullius
1655 3519 1773 3599 alicujus
1792 3530 1858 3576 ante
1882 3535 1938 3591 pro
2023 3514 2028 3523 '

203 3670 208 3680 .
305 3612 381 3684 1111111
396 3629 464 3668 atine
476 3613 552 3668 liniet
572 3615 723 3685 appetitum.
744 3615 782 3670 De
803 3616 856 3670 eol
876 3617 940 3683 itur,
955 3618 1026 3687 quod
1042 3633 1095 3672 non
1145 3620 1235 3691 prium
1250 3617 1412 3688 principium
1427 3612 1592 3670 desiderium
1610 3611 1733 3682 accipere
1746 3609 1847 3675 vellet,
1860 3624 1944 3680 neque

305 3701 342 3755 sit
356 3701 498 3772 dispertita
516 3703 617 3771 unitas,
629 3712 657 3759 et
667 3705 800 3775 quomodo
813 3707 959 3765 secundum
973 3706 1096 3763 notitiam
1145 3706 1270 3765 redieret
1285 3722 1301 3761 a
1318 3706 1382 3769 Deo,
1398 3706 1444 3760 sed
1466 3705 1552 3777 magis
1574 3718 1622 3774 per
1646 3717 1718 3766 eant,
1742 3716 1814 3773 qnae
1836 3702 1871 3756 ad
1886 3716 1943 3756 euru

214 3837 218 3843 .
305 3806 338 3849 et
353 3794 602 3864 possibilibusnune
613 3796 858 3868 nobisScripturac
873 3798 1055 3855 intellectibus
1069 3808 1098 3855 et
1146 3810 1198 3867 est,
1212 3800 1387 3857 intentionem
1403 3798 1473 3853 Deris
1492 3798 1579 3863 lieret,
1595 3805 1623 3852 et
1640 3778 1705 3869 pars
1727 3793 1775 3851 Dei
1799 3795 1942 3860 neeman,

300 3880 534 3953 disputationibus
552 3886 605 3941 crit
629 3886 779 3943 futurorum
809 3898 905 3953 status,
929 3888 1031 3943 dictum
1056 3896 1112 3944 est
1147 3891 1332 3963 participando
1342 3887 1554 3945 connaturaliter
1570 3886 1666 3951 beum,
1684 3893 1779 3977 Q
1796 3884 1942 3939 secuudum

306 3973 1095 4049 1111111111;1111111111ιι111101110110.1111111Ρ111111111111111,
1147 3994 1273 4041 naturam
1297 3983 1434 4052 sapienter
1456 3995 1488 4036 ae
1511 3978 1709 4034 rationabiliter
1729 3993 1779 4050 per
1803 3975 1943 4047 pulchrum

302 4058 323 4119 'a
337 4064 392 4120 ileo
402 4064 567 4131 ressrtximus,
583 4066 639 4123 [len
658 4068 726 4146 dirce
749 4069 811 4124 irinc
822 4082 973 4124 sermonem
989 4052 1111 4124 laciam.¹
1149 4086 1251 4131 morum
1271 4088 1349 4130 suum
1367 4078 1528 4141 accepturus
1541 4069 1702 4139 principium
1713 4074 1740 4122 et
1754 4080 1880 4131 eaumm,
1894 4078 1943 4118 auu

343 4154 828 4251 QQQQQS
847 4171 873 4215 ‘³¹
895 4162 1026 4231 sapientia
1051 4176 1099 4228 0³»
1150 4167 1253 4224 babens
1264 4165 1393 4221 aliorsum
1407 4165 1440 4219 de
1453 4171 1544 4218 cetero
1556 4168 1617 4233 post
1634 4176 1711 4216 suum
1733 4159 1897 4232 principium
1914 4154 1942 4211 atl

308 4257 465 4318 (1111181111,
482 4248 516 4304 111)
529 4265 573 4317 111,
587 4252 656 4321 1111111
671 4266 723 4307 111111
740 4262 792 4316 esi·
812 4266 827 4306 11
845 4252 899 4307 Det)
918 4252 944 4306 in
968 4252 1006 4317 111,
1028 4238 1099 4322 1111011
1150 4260 1295 4325 rationem,
1313 4272 1362 4326 per
1380 4271 1461 4326 qnam
1475 4262 1625 4317 crearetur,
1640 4266 1782 4308 ascensum
1797 4258 1826 4306 et
1842 4250 1943 4305 restite

309 4350 360 4408 ⁰⁸¹·
376 4343 542 4409 (1111111111,
559 4342 805 4414 5111111111111111111
823 4359 926 4411 10111111,
945 4354 1098 4415 (1111051111,
1151 4352 1251 4405 tionem
1268 4347 1404 4411 movendi,
1420 4356 1465 4401 eut
1477 4346 1611 4417 quomodo
1626 4352 1791 4408 moreretur,
1812 4342 1840 4396 iu
1859 4341 1943 4396 dirim

310 4432 441 4490 indultam
457 4433 633 4491 differentiam
654 4445 681 4491 ct
702 4432 859 4492 varietatem
879 4438 1024 4508 prudenter
1044 4436 1102 4490 aui·
1115 4468 1140 4529 D
1153 4440 1279 4521 Q*
1288 4439 1432 4503 desiderio,
1446 4446 1520 4493 motu
1532 4451 1580 4492 suo
1595 4436 1681 4509 ipsum
1700 4434 1781 4493 linem
1800 4431 1943 4502 accipiente

311 4538 371 4583 urae
396 4526 630 4598 contemplativum
650 4526 805 4593 adduceret,
820 4536 847 4584 ct
865 4526 1018 4598 inquisitiva
1040 4542 1103 4583 corr-

311 4616 478 4673 discerueret
503 4620 616 4685 ratione,
640 4630 689 4689 per
711 4620 925 4690 intelligentiam,
952 4620 1100 4674 secundum

311 4719 393 4777 quam
413 4717 503 4763 creata
526 4718 589 4764 sunt
611 4723 730 4773 causam,
750 4724 802 4764 non
816 4710 912 4764 multas
927 4717 1102 4780 cognosceret

309 4813 407 4885 erasas
422 4814 502 4856 tinam
519 4816 639 4870 causant,
655 4817 760 4869 eorum,
774 4816 844 4872 quae
858 4800 928 4856 iacta
941 4810 1014 4865 srrnt,
1031 4802 1102 4856 inse-

312 4889 468 4960 parabiliter
494 4886 700 4947 errmdlscretaur
716 4903 727 4931 ⁸
744 4888 921 4948 differentiam
942 4908 991 4961 ρει
1009 4906 1102 4945 εοιιιιιι

312 4984 340 5034 et
359 4977 429 5034 inter
443 4980 599 5036 seinvicem
615 4989 643 5035 et
657 4981 745 5053 seipsa
768 4982 936 5037 inconlnsant
956 4980 1105 5050 proprieta-

309 5056 384 5141 tem:
397 5070 548 5157 Q,
564 5086 643 5126 uuam
657 5073 766 5138 multas,
778 5073 896 5126 omnium
911 5071 944 5126 ad
959 5087 1021 5126 eum
1035 5073 1103 5126 rela-

308 5158 397 5232 tione,
412 5181 460 5238 per
470 5165 585 5236 seipsum
597 5164 736 5220 iueoniuse
745 5165 904 5227 subsistens,
918 5178 1000 5218 unum
1013 5178 1106 5219 essen-

310 5249 378 5343 'tiale
388 5255 687 5315 etunumsubstantialc
696 5255 739 5312 ltei
751 5265 778 5311 et
788 5255 875 5312 Patris
883 5255 966 5311 Derim
974 5253 1102 5321 Verbum,

314 5353 412 5407 morito
422 5352 583 5423 principium
597 5358 623 5407 et
636 5363 744 5406 cunisam
757 5348 887 5413 omnium,
907 5347 935 5402 in
951 5363 1003 5416 qun
1016 5360 1105 5402 ereata

1154 4535 1271 4590 divinam
1291 4533 1432 4596 risionem,
1449 4539 1478 4584 ut
1497 4528 1610 4584 Basilius
1628 4525 1748 4582 declarat
1762 4525 1790 4579 in
1813 4525 1941 4592 iuterpre

1154 4624 1256 4679 tatione
1271 4622 1297 4677 in
1318 4629 1440 4676 sanctum
1462 4619 1620 4691 proplietam
1642 4616 1749 4681 isaiam,
1774 4615 1870 4669 dioena
1888 4614 1940 4666 sie:

1156 4712 1289 4768 Snddntlru
1316 4722 1403 4766 uatem
1426 4726 1485 4764 cere
1513 4718 1574 4763 aunt
1596 4707 1707 4778 repetitu
1728 4704 1832 4777 requies
1854 4699 1941 4772 populu

1154 4804 1213 4870 Dei,
1224 4819 1290 4875 qune
1303 4802 1405 4873 quidem
1417 4817 1458 4865 eo,
1471 4799 1541 4869 quod
1554 4815 1615 4853 uere
1630 4805 1706 4857 sunt,
1720 4794 1812 4864 recipit
1834 4792 1902 4846 Deua
1921 4796 1941 4841 et

1156 4895 1305 4966 monifestat
1317 4909 1419 4947 trimma
1435 4888 1568 4946 Sabbatha
1580 4888 1682 4960 quietis,
1702 4885 1747 4939 ille
1767 4883 1811 4938 eui
1836 4881 1941 4937 mundet

1156 4985 1298 5056 erricifiaut
1324 4994 1373 5048 eat,
1391 4980 1525 5035 discedens
1544 4979 1659 5049 profecto
1678 4994 1694 5030 n
1715 4972 1868 5036 mundunis,
1881 4980 1904 5024 et
1917 4971 1939 5022 in

1156 5078 1291 5148 proprium
1305 5074 1390 5129 iocum
1410 5068 1555 5143 spiritualia
1574 5069 1666 5139 quietis
1683 5078 1832 5128 becumene,
1855 5062 1881 5115 in
1895 5075 1939 5128 qne

1157 5171 1243 5242 {uetur
1257 5185 1308 5224 uon
1318 5168 1376 5239 jam
1391 5163 1535 5218 rauceditur
1554 5178 1571 5214 n
1591 5175 1640 5214 atto
1654 5157 1721 5222 ineo,
1736 5155 1799 5210 dum
1819 5154 1853 5208 ait
1869 5150 1937 5205 ailen-

1157 5262 1222 5315 tium
1237 5270 1260 5314 et
1276 5275 1328 5330 pua
1342 5256 1411 5311 circu
1428 5253 1500 5308 ilium
1518 5260 1624 5306 alutem.
1648 5244 1771 5302 Omnium
1785 5240 1934 5314 ipitnrioctt

1158 5353 1295 5424 dipnorum
1309 5348 1357 5403 tuii
1368 5343 1525 5401 beatitudine
1549 5341 1619 5398 lieet
1642 5347 1695 5407 eti,
1716 5335 1854 5395 sennenn
1872 5326 1932 5402 atel

1084 5458 1208 5518 detta.
1264 5462 1270 5471 '

351 5597 364 5626 ⁸
384 5586 413 5642 ln
427 5583 533 5643 Graue
545 5581 756 5653 manuele,
772 5578 791 5634 l.
807 5594 833 5635 e.
853 5572 1028 5648 neqiupmn'.
1191 5593 1203 5619 1
1223 5576 1245 5632 l.
1260 5591 1285 5631 e.
1302 5573 1494 5629 coexistentem.

351 5655 367 5696 1
386 5656 496 5725 Legisse
507 5653 604 5711 Suetus
625 5652 729 5708 uidetur
743 5650 847 5725 dabira
859 5666 867 5716 ;
881 5648 927 5706 aed
951 5650 977 5704 in
999 5646 1104 5703 Graeco
1189 5648 1203 5689 1
1221 5648 1250 5703 ln
1264 5646 1369 5703 Graeco
1384 5641 1547 5714 demipont,
1560 5646 1635 5695 terte
1648 5635 1828 5709 pertransient.

309 5724 392 5785 tedito
405 5735 480 5783 extat
493 5726 611 5788 eubaea,
625 5723 644 5778 i.
661 5738 685 5779 e.
702 5719 817 5777 uilieeut.
