4167 6625
111 456 164 511 obt
546 460 589 514 DE
606 460 774 517 otvtstomt
793 459 967 537 Nittbttad.
984 491 1018 501 --
1034 459 1138 535 ,ussit
1158 460 1318 515 stitutus
1694 462 1746 527 662

111 552 220 626 toralia
241 572 372 641 exempla,
389 573 485 640 quibus
499 588 605 642 possem
629 584 654 629 te
677 575 848 629 introducere
871 576 903 628 ad
920 580 942 635 Α
957 576 1084 644 apostolis
1097 577 1123 631 in
1136 574 1283 643 spiritualis
1297 574 1407 629 visionis
1421 584 1549 639 montem,
1561 575 1613 629 boc
1623 582 1674 640 est,
1685 575 1745 629 alti·

109 661 324 733 intelligentiam
346 677 450 727 conum,
468 663 501 717 de
520 666 616 732 quibus
640 664 855 733 disputabamus,
880 665 906 718 id
958 663 1076 718 tinlineto
1095 665 1178 733 raptis
1194 661 1318 733 apparuit
1331 661 1473 717 visibiliter
1485 663 1507 728 ⁹,
1530 662 1638 732 quaudo
1655 671 1742 719 traus-

107 760 165 815 est,
183 753 320 822 quomodo
341 753 443 817 omnia,
454 755 630 823 quaeexlleo
643 756 775 821 sunt,et.¹
795 765 906 811 aeterna
956 753 1084 808 lorntatio
1097 752 1201 807 Domini
1217 742 1288 806 laeta
1301 752 1358 807 cst?
1376 749 1434 805 llou
1453 750 1526 805 enim
1541 751 1665 806 audiendi
1682 759 1746 806 sont

108 842 239 897 simulet
259 842 326 898 iacta
342 854 415 910 sunt,
430 852 457 898 et
472 844 597 909 inaxime,
611 848 744 915 quomodo
758 846 830 901 Deus
849 836 905 917 ipse
957 844 995 909 bi,
1011 845 1056 913 qul
1073 851 1177 913 putant,
1190 858 1252 898 cum
1273 841 1309 897 ad
1325 851 1429 912 tempus
1450 841 1476 895 in
1496 857 1608 912 corpore
1624 839 1745 899 resurre-

107 939 135 984 ct
151 930 246 986 iactor
266 933 384 986 omnium
407 941 457 1007 cst,
473 941 499 987 et
521 935 547 987 in
562 935 687 990 omnibns
712 936 751 991 ut.
776 935 848 991 llaec
863 945 905 990 cst
955 936 1087 1003 sissent
1101 933 1181 988 simul
1203 949 1264 988 euru
1286 932 1343 989 Elia
1359 933 1386 986 in
1407 940 1499 987 monte
1512 932 1664 998 visibiliter,
1690 948 1745 995 non

105 1024 184 1078 enirn
199 1040 307 1078 sutrinse
323 1024 405 1080 totius
424 1034 531 1080 nostrae
553 1029 702 1095 praesentis
722 1028 905 1083 ratiocinatio·
955 1040 1047 1096 perse
1061 1025 1150 1079 anitna
1166 1025 1199 1089 ¹⁰,
1214 1024 1260 1079 sed
1275 1025 1301 1079 io
1315 1037 1482 1093 suoeorpore
1494 1032 1643 1093 appareret,
1652 1031 1679 1076 et
1690 1021 1743 1078 ite-

105 1114 163 1167 nis.
179 1115 256 1168 Drsc.
269 1112 328 1167 lam
344 1112 371 1167 in
389 1130 432 1168 me
452 1115 539 1184 ipsum
559 1117 648 1172 redeo.
666 1115 733 1172 Nam
748 1117 904 1172 difficultate
955 1133 1015 1170 vum
1029 1116 1063 1169 ad
1081 1114 1232 1186 sepulerum
1251 1114 1371 1170 rediisse.
1391 1114 1455 1181 Quis
1472 1096 1537 1186 ergo
1555 1114 1676 1170 dicturos
1688 1123 1742 1181 est,

103 1203 324 1273 praedictorum,
339 1211 366 1258 et
381 1203 468 1257 adbuc
481 1204 616 1272 incognita
637 1205 703 1260 milvi
718 1222 807 1261 rerum
829 1207 904 1261 tbco-
954 1223 1006 1278 qua
1020 1208 1126 1262 ratione
1140 1206 1230 1261 anima
1241 1206 1399 1275 incorporea
1411 1213 1437 1259 ct
1449 1203 1591 1259 invisibilis
1604 1202 1744 1260 invisibill-

103 1294 146 1350 ria
159 1293 339 1363 stupefactos,
360 1295 430 1349 sicut
442 1295 534 1350 multis
548 1298 648 1363 evenit,
666 1297 691 1351 in
706 1298 792 1352 extasi
814 1297 903 1352 lactus
954 1294 1004 1365 bus
1028 1298 1209 1367 apostolorum
1228 1294 1368 1366 spiritibus
1390 1294 1471 1349 veluti
1494 1294 1667 1363 corporaliter
1684 1296 1743 1351 visa

102 1400 178 1438 sum.
195 1384 266 1450 Quis
278 1386 350 1438 euim
365 1385 484 1448 rudium,
498 1394 525 1439 et
548 1388 665 1441 norrdum
682 1387 902 1442 sublimissimum
954 1398 1006 1454 εει,
1020 1403 1082 1442 cum
1096 1403 1145 1443 uec
1161 1388 1187 1442 in
1206 1402 1256 1442 suo
1269 1400 1401 1457 corpore,
1415 1401 1465 1442 nec
1479 1385 1506 1440 in
1527 1385 1616 1456 aliqua
1629 1387 1743 1441 materia

104 1476 222 1543 sophiae
254 1475 382 1529 verticem
413 1477 634 1541 ascendentium,
671 1477 733 1531 talia
770 1476 901 1547 cogitans,
954 1478 1415 1548 sensibili,scualiundeassumpta
1433 1476 1741 1549 apparuerit,sedqoa·

102 1566 209 1625 ruentis
219 1580 358 1620 secessum
371 1580 424 1622 non
435 1567 564 1634 patiatur,
577 1577 714 1621 aeternam
728 1574 902 1622 rtutncrornttt
954 1571 1014 1628 dam
1034 1569 1163 1626 ineffabili
1186 1570 1293 1633 virtute,
1315 1569 1364 1624 soll
1385 1568 1439 1623 beo
1462 1568 1580 1639 cognita,
1600 1566 1744 1624 invisibilis

102 1670 117 1707 a
133 1655 272 1710 creatore
279 1657 405 1711 ‘omnium
417 1657 443 1710 in
456 1656 571 1712 comrade
583 1657 696 1711 audiens
707 1656 898 1721 conditionem,
953 1659 1064 1730 spiritus
1086 1659 1164 1729 quasi
1178 1658 1201 1692 ¹¹
1219 1658 1332 1715 visibilis
1349 1674 1398 1729 per
1417 1672 1446 1713 se
1462 1657 1550 1713 laotos
1565 1658 1625 1712 estl
1639 1655 1708 1725 Quid
1719 1659 1743 1691 ⁸¹

102 1744 313 1814 eorundemque
340 1747 540 1816 processionem
572 1747 599 1801 in
626 1761 725 1816 genera
744 1757 771 1801 ct
785 1748 899 1816 speeies,
952 1748 1289 1806 dicturuses¹⁸deanirna
1302 1747 1597 1819 propbetaeSamnelis,
1609 1747 1745 1817 quomodo

101 1835 129 1887 iu
155 1836 259 1904 quilius
279 1836 337 1889 lieri
365 1836 502 1901 dicuntur,
525 1836 650 1906 quoniam
669 1836 696 1890 in
715 1836 757 1890 eis
773 1836 806 1888 ab
822 1835 900 1891 intel·
953 1836 1126 1892 invisibiliter
1140 1846 1268 1905 tanquam
1285 1836 1398 1892 visibilis
1413 1836 1500 1891 locuta
1516 1844 1557 1890 est
1573 1834 1656 1890 Saoll
1675 1834 1744 1892 Nam

99 1925 225 1981 lectibus
243 1930 381 1996 patiuntur
396 1926 527 1997 intelligi;
545 1927 675 1983 deindein
684 1935 808 1981 naturam
823 1927 903 1982 ratio·
917 1924 941 1982 B
954 1937 982 1985 et
993 1930 1064 1997 ipse,
1079 1928 1149 1984 sieut
1172 1926 1296 1997 apostoli,
1312 1927 1338 1980 in
1353 1927 1450 1997 spiritu
1473 1936 1567 1996 raptus
1584 1926 1646 1980 talia
1664 1926 1742 1982 vidit.

99 2017 227 2073 nabdem
240 2020 383 2073 secundam
399 2018 479 2073 veluti
495 2021 505 2049 ¹
521 2019 754 2088 procreationem,
772 2020 900 2090 quoniam
953 2020 1092 2088 Siquidem
1118 2017 1244 2072 credendi
1260 2031 1313 2072 raon
1326 2025 1399 2081 sunt,
1410 2015 1455 2085 qui
1466 2016 1568 2082 dicunt,
1580 2031 1633 2070 uon
1644 2016 1743 2086 ipsum,

103 2112 134 2166 iu
153 2126 188 2165 ea
207 2128 272 2166 suas
286 2115 395 2167 virtutes
407 2113 576 2167 marrilestius
588 2123 753 2183 propagant3
766 2113 860 2166 deiude
872 2112 899 2167 in
951 2112 997 2166 scd
1012 2109 1120 2180 aliquod
1141 2108 1297 2178 figmentum
1321 2108 1349 2161 in
1369 2106 1544 2162 similitudine
1564 2107 1646 2177 ipsius
1660 2122 1744 2176 appa·

102 2201 245 2257 memoria
266 2202 440 2270 sensibusque
456 2200 622 2270 phantasias,
647 2201 701 2254 imo
721 2202 803 2254 etiam
826 2204 903 2255 tbco·
951 2203 1051 2265 ruisse‚
1068 2198 1205 2271 indignum
1217 2196 1370 2268 judicantes
1388 2197 1506 2252 animam
1526 2202 1648 2251 sanctam
1663 2196 1687 2229 ¹*
1702 2198 1744 2252 in·
1769 2270 1775 2279 ¹

99 2291 220 2362 minias
233 2292 529 2362 accipientes-omne
548 2291 631 2355 eobo,
655 2292 726 2361 quod
750 2308 782 2347 es
804 2302 900 2346 natura
951 2291 1148 2347 cantationibus
1161 2290 1379 2360 pythonissoeab
1395 2289 1418 2323 ¹⁸
1436 2288 1529 2345 interis
1542 2290 1674 2355 revocari,
1688 2306 1742 2347 non

101 2397 195 2436 reram
224 2380 252 2433 in
276 2380 405 2435 memoria
431 2381 580 2443 formatur,
602 2380 760 2435 occasiones
786 2396 818 2433 cr
845 2382 900 2434 lleo
950 2380 1196 2434 animadvertentes
1217 2379 1336 2434 divinam
1357 2379 1554 2450 providentiam
1574 2394 1626 2434 non
1652 2379 1740 2436 minus

99 2473 266 2527 baberenou
278 2482 320 2526 εει
331 2472 508 2526 dubbaudum
519 2472 673 2539 -quodnrn
686 2471 765 2527 modo
777 2471 833 2525 lieri
846 2487 898 2526 non
950 2486 999 2541 per
1013 2470 1176 2535 immundos,
1191 2484 1272 2540 quam
1294 2484 1343 2540 per
1364 2471 1478 2526 mundos
1490 2470 1599 2540 spiritus
1617 2480 1743 2527 naturam

100 2560 134 2616 de
146 2563 200 2615 alia
217 2560 346 2624 numeria,
362 2562 409 2616 sed
428 2561 463 2616 de
475 2561 629 2631 seruetipsis
645 2561 727 2615 l'aetil
744 2561 820 2616 Nrrne
836 2575 899 2615 vcro
949 2574 1040 2615 rernm
1066 2559 1266 2616 administrare.
1290 2558 1403 2616 Constat
1424 2568 1530 2625 autem,
1555 2559 1672 2614 animam
1693 2560 1743 2616 Sa·

103 2650 185 2707 soloti
200 2650 412 2722 experget'aotos
426 2652 452 2705 in
466 2665 509 2705 sne
522 2651 608 2721 ipsum
618 2651 736 2715 rediens,
749 2651 900 2705 interioris·
950 2651 1046 2707 mttelis
1059 2650 1082 2682 ¹⁸
1093 2666 1143 2721 per
1158 2664 1189 2706 se
1208 2652 1293 2721 ipsam
1306 2652 1384 2720 quasi
1401 2653 1423 2686 ¹¹
1445 2651 1591 2706 visibiliter
1605 2666 1658 2706 noo
1674 2651 1698 2685 ¹⁸
1715 2653 1743 2709 iu

100 2756 152 2810 qne
165 2740 281 2803 lonriuis
290 2741 400 2799 radium
410 2740 573 2797 lucidentius
583 2740 759 2811 perspiciens,
772 2756 813 2803 ea,
827 2756 898 2810 quae
950 2756 1074 2811 corpore,
1091 2740 1183 2796 necin
1203 2742 1293 2810 aliqua
1309 2739 1484 2795 similitudine
1502 2739 1665 2795 consulentis
1682 2756 1742 2797 cam

99 2848 115 2887 a
131 2839 155 2887 te
165 2833 243 2891 dicta
256 2841 332 2897 suot,
343 2845 507 2902 cognoscere
520 2831 629 2900 incipio.
642 2830 754 2885 Conaris
767 2832 855 2895 enim,
871 2839 900 2885 ut
947 2835 1021 2903 regis
1037 2833 1144 2887 animae
1163 2834 1339 2902 prophetasse
1351 2831 1386 2884 2'.
1410 2831 1442 2886 Et
1465 2830 1487 2885 si
1511 2829 1580 2885 iorte
1595 2830 1674 2885 alicui
1690 2832 1742 2887 boc

42 2946 43 2949 ¹
100 2919 207 2990 eunom
231 2920 358 2984 suadere,
379 2935 475 2974 omnes
497 2934 672 2974 numerosus
687 2920 802 2974 monade
817 2919 899 2974 veloti
949 2927 1057 2980 videtur
1070 2925 1228 2980 incredibile
1242 2924 1285 2979 vel
1296 2924 1408 2979 dubium
1423 2922 1456 2986 ¹⁹,
1469 2922 1540 2992 legat
1552 2929 1675 2977 sanetum
1689 2921 1741 2976 Ao·

42 3034 43 3037 ¹
100 3023 130 3061 cs
144 3011 267 3080 quodam
280 3012 356 3073 tonte
368 3020 520 3073 mansues,
536 3010 747 3066 instantiarum
759 3010 897 3066 ιιιιιιίιιιι
949 3018 1085 3088 gosvinum
1100 3016 1126 3069 tn
1141 3015 1212 3071 bovo
1225 3015 1258 3070 ue
1272 3029 1338 3069 eura
1360 3013 1558 3069 detunctorum.
1580 3011 1738 3068 meretrcem

99 3117 130 3159 ss
142 3117 193 3155 una
217 3117 282 3159 vena
294 3102 460 3171 surgentium
472 3101 614 3170 producte,
622 3102 702 3172 inque
728 3103 794 3157 duos
808 3102 899 3157 alveos
949 3108 982 3162 ad
997 3106 1216 3161 manifestissima
1233 3113 1345 3161 naturae
1363 3103 1484 3174 exempla
1503 3118 1690 3169 recurramus,
1703 3104 1737 3158 de

42 3222 43 3227 ¹
100 3200 268 3262 semitam,
293 3207 408 3261 ‘tuorum
425 3206 560 3262 sousper
578 3193 720 3246 interiores
742 3206 823 3261 poros
848 3206 896 3245 na·
949 3198 1048 3268 quibus
1061 3211 1140 3253 atomo
1150 3204 1225 3253 recte
1240 3194 1485 3266 ptutosapnantiom
1496 3194 1645 3250 contendit.
1658 3194 1734 3248 bisc.

42 3315 43 3318 =
98 3292 185 3350 turae,
207 3284 259 3339 boe
276 3292 328 3348 est,
351 3296 400 3352 per
426 3281 603 3348 intellectum,
619 3281 802 3345 strationem,
825 3279 929 3354 alpurc
945 3290 1004 3356 pic,
1020 3305 1131 3360 quaeso,
1145 3304 1214 3360 quse
1226 3295 1289 3344 suut
1299 3286 1354 3342 ills·

100 3390 160 3434 vero
178 3391 235 3445 per
248 3375 396 3446 exteriores
410 3374 554 3428 visibilium
569 3389 659 3428 rerum
672 3374 777 3442 species
793 3375 891 3428 decur-

100 3469 131 3521 rit
147 3468 158 3500 ⁸
174 3477 205 3520 ct
224 3481 273 3534 per
294 3480 398 3528 sensus,
411 3467 497 3522 douec
512 3465 591 3522 simul
610 3467 636 3519 in
654 3466 811 3524 memoriam
826 3481 891 3521 con-

43 3587 44 3590 ,
100 3557 191 3617 ttivaru,
212 3556 238 3610 in
253 3569 306 3624 qua
321 3553 504 3624 multipliciter
518 3553 679 3608 lornrautur.

133 3643 173 3698 ld.
199 3642 402 3712 sedquoniam
415 3642 426 3673 ⁸
437 3657 482 3697 res
501 3642 684 3710 incorporeae,
697 3651 725 3696 et
738 3658 790 3698 non
804 3642 892 3699 solum

43 3751 46 3776 ¹·
101 3733 266 3802 ssmsibus,
280 3746 374 3792 veram
386 3733 468 3787 ctiam
478 3746 512 3788 ex
526 3731 668 3793 memoria,
683 3732 811 3799 omnique
823 3732 891 3787 ima·

101 3821 236 3896 girrabone
270 3835 334 3890 prae
367 3820 449 3878 nimia
488 3834 554 3876 snae
585 3827 698 3878 staturae
732 3821 890 3876 excellentia

101 3920 230 3978 rcrnptoe,
243 3908 271 3962 in
284 3908 413 3978 memoria
424 3908 593 3974 sensibusve,
606 3909 718 3973 boccst,
727 3909 753 3963 in
767 3909 892 3980 imagini·

43 4031 47 4044 ·
101 3995 147 4051 bus
160 3996 366 4067 visibilibusque
385 3997 481 4066 liguris
495 3996 575 4052 veluti
593 3997 756 4066 ,quibusdam
771 4001 891 4067 corpori·

43 4111 44 4126 ι
101 4084 149 4142 bus
161 4087 268 4156 possint
288 4086 465 4157 ⁸,apparcre,
484 4101 540 4156 noo
559 4087 626 4140 satis
643 4088 730 4140 video.
748 4087 818 4141 llas
835 4087 892 4144 lloc

102 4188 153 4227 uno
167 4159 291 4246 escroplo
306 4184 389 4231 totum
414 4184 439 4230 te
464 4173 615 4244 intelligere
627 4175 724 4229 sentio.
749 4174 788 4229 lta
807 4176 890 4242 emto,

102 4272 128 4317 ct
142 4266 246 4328 dixisti,
263 4280 299 4342 es
313 4265 427 4328 monade
442 4264 547 4334 nometi
563 4274 690 4336 manant,
708 4273 735 4324 et
750 4265 777 4324 iu
789 4281 891 4322 merito·

104 4355 165 4409 riatu
181 4361 196 4390 ⁶
213 4357 359 4422 cotillnnnt.
373 4357 410 4411 be
419 4372 451 4411 eo
466 4367 568 4423 autem,
579 4358 650 4426 qnod
661 4372 713 4414 non
725 4359 791 4418 saus
803 4359 889 4425 vides,

104 4447 191 4515 accipe
202 4448 273 4526 quod
290 4447 387 4502 ¹sentiri.
404 4445 588 4518 spiritualium
598 4461 688 4502 rerum
703 4456 800 4506 natura
811 4447 890 4516 noni

105 4533 138 4586 ita
170 4535 443 4612 contemplationibus
475 4536 574 4604 mentis
598 4538 765 4616 succumbit,
791 4548 821 4608 ut
840 4552 890 4607 por

979 3443 1024 3502 tt.
1034 3443 1104 3502 blm.
1118 3442 1234 3504 Formas
1243 3455 1335 3496 rerum
1342 3439 1519 3512 incorporeas
1529 3440 1736 3509 essesapientes

943 3534 1046 3604 dicunt.
1071 3535 1192 3592 liantleao
1218 3547 1325 3602 quoque
1355 3533 1515 3590 sententiam
1540 3532 1573 3587 de
1602 3530 1738 3590 coloribus

942 3627 1097 3697 proleront;
1109 3639 1156 3690 eos
1165 3623 1417 3693 enimincorporeos
1426 3636 1556 3684 essentem
1566 3621 1738 3677 rationeeon-

942 3718 1010 3774 sulta
1018 3715 1206 3786 pronuntiant.
1217 3714 1291 3782 bisc.
1301 3713 1429 3783 Qobqtds
1441 3710 1624 3780 indednbitat,
1634 3710 1704 3764 iliter
1714 3712 1736 3745 ¹⁸

942 3808 1215 3881 pttitosopuostocum
1237 3806 1395 3872 nonhabet.
1419 3804 1488 3864 Mae.
1511 3803 1615 3872 Siergo
1633 3802 1736 3859 lorinus

942 3913 1023 3971 atque
1037 3900 1142 3956 colores
1154 3899 1181 3953 in
1196 3913 1309 3958 numero
1323 3911 1412 3954 rerum
1432 3894 1642 3963 incorporalium
1656 3908 1732 3951 coto·

942 4000 1081 4066 putarunt,
1104 4005 1155 4059 qua
1176 3989 1284 4048 ratione
1304 3985 1429 4044 sensnm
1451 3984 1590 4055 corporeis
1608 3998 1735 4042 sumum·

941 4082 1018 4146 bunt,
1030 4079 1163 4150 protest
1175 4086 1260 4148 potes.
1272 4075 1357 4146 ane
1370 4076 1452 4140 enim,
1466 4075 1538 4146 quod
1550 4089 1598 4146 pes
1607 4074 1699 4134 oeulos
1710 4074 1735 4110 ⁸¹

942 4172 1066 4252 sentitur,
1095 4184 1149 4230 oon
1169 4168 1248 4224 aliter
1271 4167 1322 4242 ojsi
1345 4167 1371 4221 in
1394 4166 1479 4232 torma
1502 4166 1621 4226 colorata
1639 4161 1735 4230 sentiri

941 4271 1040 4333 potest.
1050 4263 1126 4330 lime.
1151 4260 1265 4330 Formas
1279 4266 1306 4324 et
1318 4257 1422 4322 colores
1431 4273 1483 4327 per
1493 4273 1524 4316 se
1538 4271 1668 4326 apparere
1678 4269 1733 4310 noo

942 4369 1021 4425 posse
1035 4354 1161 4420 aestimo,
1176 4353 1203 4405 in
1218 4350 1334 4420 quadam
1347 4363 1411 4414 vero
1422 4348 1536 4406 materia
1548 4346 1598 4404 sibi
1611 4345 1732 4413 subjecta
1819 4411 1827 4424 Ι

942 4448 1081 4512 apparent.
1100 4438 1171 4495 llas.
1192 4438 1274 4496 lliror
1288 4437 1375 4504 valde,
1384 4450 1436 4510 epe
1445 4443 1502 4504 tam
1521 4433 1600 4503 louge
1613 4447 1630 4487 a
1640 4429 1733 4502 philo.

942 4532 1036 4603 sophia
1053 4530 1166 4587 recedis.
1180 4505 1366 4586 [ἷιῖἶῗιῗεῖῐῆι
1378 4526 1432 4592 nbi.
1448 4526 1518 4596 llas.
1534 4524 1592 4580 Non
1608 4533 1634 4578 te
1644 4521 1733 4584 sentis

105 4623 200 4695 singula
212 4626 248 4706 Ι(Ιε
260 4626 313 4689 tiis,
325 4641 394 4694 quae
408 4627 440 4680 dc
450 4640 493 4689 ea,
503 4626 543 4679 vel
555 4626 581 4680 in
594 4641 638 4691 ea,
650 4626 692 4681 vel
704 4641 819 4698 peream
830 4643 889 4702 per·
902 4628 927 4689 D
940 4637 1063 4687 errasse,
1085 4620 1192 4690 quando
1211 4618 1322 4682 (Ῐὶῐὶδῑὶι
1348 4617 1448 4688 [θῐῐῐὶὲιδ
1465 4624 1493 4688 fil
1513 4614 1617 4680 0010125
1632 4628 1684 4688 Pel
1701 4626 1732 4670 ⁸⁰

104 4725 228 4784 agrinius,
256 4714 387 4769 rationem
403 4714 555 4784 reddamus.
581 4713 663 4769 llulta
678 4716 748 4772 coitu
763 4716 789 4772 in
802 4732 834 4774 ea
845 4732 888 4771 so·
942 4729 995 4770 oon
1009 4726 1089 4784 posse
1102 4711 1227 4776 sensibus
1251 4709 1438 4770 succumbere,
1453 4707 1504 4780 nisi
1525 4705 1551 4759 in
1565 4703 1657 4778 aliqua
1672 4717 1732 4760 ma·

104 4796 154 4854 lent
175 4819 326 4884 apparere,
355 4819 423 4874 qum
449 4819 501 4860 non
524 4805 672 4859 secundum
704 4806 826 4881 cogruitas
847 4806 890 4868 vel
940 4804 1090 4874 teriacntp
1101 4792 1731 4884 ipsampteria¹?,carcuslormaatqueeolore,

105 4886 247 4963 incognitas
269 4893 353 4972 ipsius
371 4893 453 4963 leges,
474 4893 520 4948 sed
537 4894 607 4958 ultra
621 4883 729 4949 omnem
746 4895 833 4965 legem
848 4897 888 4952 di·
939 4893 1049 4950 omnino
1064 4887 1206 4966 invisibilis
1222 4891 1259 4944 sit
1272 4897 1301 4960 ct
1314 4889 1488 4962 incorporem
1502 4905 1533 4942 ac
1547 4902 1596 4960 per
1609 4887 1660 4944 hoc
1682 4899 1731 4960 ne·

105 4981 163 5035 vina
183 4985 338 5050 volurrtate,
367 5001 436 5053 cquae
457 4985 528 5038 trulla
552 4984 609 5056 lege
632 4985 819 5050 concluditur,
846 4996 888 5043 cst
938 5000 1013 5054 cesse
1027 4991 1078 5049 est,
1096 4982 1226 5054 rationem
1250 4978 1356 5046 reddas,
1378 4982 1512 5050 quomodo
1533 4977 1636 5036 locutae
1655 4975 1678 5007 ἰ
1704 4983 1732 5032 ει

104 5072 172 5126 enirn
184 5073 225 5127 lcs
238 5063 362 5152 ‚legum‘ct
376 5078 444 5132 ratio
460 5078 606 5148 rationum,
620 5077 736 5132 mirabili
750 5087 777 5133 et
793 5077 886 5136 iuclia·
938 5080 1053 5144 colores,
1073 5078 1137 5133 dum
1157 5078 1333 5147 incorporeae
1353 5086 1466 5144 naturae
1479 5075 1542 5138 siut,
1566 5072 1592 5128 in
1616 5069 1730 5144 materia

104 5159 146 5215 bili
163 5163 241 5218 modo
254 5165 327 5221 bunt.
341 5168 407 5235 eris
424 5167 495 5224 coito
513 5168 643 5222 rodortem
663 5176 751 5237 potest
764 5168 885 5234 reddere,
956 5187 986 5228 er
998 5185 1028 5225 se
1040 5169 1126 5244 ipsam
1140 5167 1165 5199 ¹⁸
1178 5167 1359 5233 considerata,
1372 5167 1425 5233 bos
1436 5173 1491 5232 cst,
1516 5165 1574 5220 siue
1588 5162 1673 5222 tortus
1688 5168 1730 5213 ³1·

105 5245 125 5301 ri
139 5247 315 5328 interrogatus
327 5256 421 5327 luerit,
435 5256 569 5334 quomodo
587 5256 614 5311 in
632 5256 730 5328 spirito
750 5256 761 5288 ⁸
781 5256 888 5329 bloyses
939 5275 991 5330 que
1006 5260 1096 5330 colore
1117 5259 1280 5330 incorporali
1292 5266 1405 5318 omsunt
1419 5257 1443 5314 il
1460 5256 1585 5318 sensibus
1604 5263 1730 5312 soccum·

729 5388 857 5444 vttttttd
875 5389 1075 5447 Lficstouss

139 5475 185 5533 ¹et
201 5494 258 5544 om.
284 5479 307 5533 t
358 5479 405 5534 'A
434 5480 619 5535 rationabilem
645 5478 807 5543 secundom·
837 5480 915 5534 celati
940 5480 1079 5535 secundom
1101 5492 1157 5532 om.
1188 5508 1232 5534 n,
1274 5474 1355 5533 'Sic
1379 5474 1416 5541 d,
1440 5476 1462 5528 Α
1487 5474 1632 5527 decurrere.
1682 5470 1726 5525 ‘A

106 5555 227 5667 guentani.
265 5548 436 5620 'Cposruuc
475 5548 663 5602 ‘dmetnorin
701 5548 773 5601 'nou
791 5564 845 5603 orn.
864 5551 896 5603 d.
933 5547 1191 5618 ⁸inapiritnnm.d.
1230 5543 1493 5603 'eistetttremmd
1532 5543 1725 5597 ¹⁰uninteom.

126 5650 133 5665 ·
167 5627 186 5657 ¹¹
200 5620 274 5689 queri
288 5634 343 5673 om.
355 5620 386 5672 Α.
424 5617 588 5683 ¹¹AQuod.
628 5618 746 5670 “dcet
786 5619 808 5650 ¹⁸
828 5620 1079 5674 dioecesaneam:
1109 5615 1486 5687 ¹⁸pythonissaepotnisseob.
1526 5611 1724 5666 “ostentet

108 5682 206 5754 ''qsrsi
221 5689 323 5744 oru.d.
364 5689 516 5743 ¹⁸nonont.
533 5689 562 5744 C.
602 5686 816 5744 ¹’elcotrsuleuti
840 5706 897 5745 seru
917 5689 969 5760 reqi
985 5689 1172 5759 propltonoase.
1215 5687 1371 5762 ’tosticus‘
1391 5684 1537 5739 incredibili
1557 5681 1594 5735 uel
1612 5681 1721 5736 dubium

107 5749 271 5813 maritetur.
308 5760 457 5816 ¹¹biutro.
481 5760 517 5791 '¹¹
531 5774 579 5831 per
591 5757 680 5838 oculus
692 5767 746 5814 om.
764 5758 797 5815 Δ.
841 5757 1175 5832 ''Acumtuoterieipsm
1221 5756 1394 5829 belesmo.
1437 5753 1621 5812 moseten.
1668 5748 1727 5812 ”G

107 5834 153 5882 ιιει
163 5836 279 5904 possunt.
