4167 6625
50 487 94 546 ur
509 509 1101 574 nunterstonunarnnnn.-unen
1120 513 1258 571 neruus
1646 504 1699 562 tit

83 604 169 711 Lata
181 609 237 665 irae
252 613 386 714 sententia
399 619 585 689 acerbissimo,
599 626 669 682 orrlla
682 630 772 686 modio
784 643 851 685 aero
863 629 970 688 illorum
981 629 1112 684 librorum
1123 629 1238 699 amplius
1249 635 1350 682 mentio
1365 624 1406 682 lit.
1420 627 1499 682 Anno
1508 627 1616 682 demumr
1628 622 1696 679 {⁶81

51 709 110 749 uror
125 706 229 803 rerunt
241 709 309 805 typus
322 706 414 761 exorsi
429 724 494 765 eura
508 711 625 772 Tiromae
644 716 731 786 Galei,
746 720 834 792 Angli.
850 720 947 778 Statim
962 722 1096 792 repetitur
1107 735 1221 777 eensnra
1240 718 1386 774 Ecclesiam
1398 717 1466 772 Nam
1477 719 1504 772 in
1517 717 1606 773 inlice
1616 716 1698 770 liirru·

50 802 115 842 mm
128 791 342 892 'proemiorum
353 797 420 853 haec
433 804 535 871 reperis
550 823 557 858 z
573 805 687 877 Eripeaa
698 810 815 867 loannes
830 811 925 868 Scotnr
938 813 971 867 tie
984 813 1114 867 Diuisione
1131 820 1241 866 naturae
1255 809 1316 863 lilri
1332 807 1365 862 V.
1379 809 1484 864 Accedit
1502 807 1641 878 appendis
1666 821 1699 861 err

50 877 205 984 Mequr's
218 881 250 936 S.
266 881 379 940 Nesimi
395 905 488 958 praece
507 903 530 947 et
545 894 635 952 latiae.
651 898 789 955 Decretum
809 901 858 957 lll
874 899 1188 974 apritttncettttrtu

87 968 175 1074 llaec
188 974 275 1042 rgitur
287 990 370 1046 qurum
386 981 423 1035 ita
436 997 466 1038 se
479 984 610 1053 habeant,
626 991 689 1059 quiri
701 991 841 1047 ‹leirrdole
858 1008 891 1049 ae
905 1003 1000 1048 natura
1021 994 1119 1047 horurn
1142 988 1271 1043 librorum
1291 976 1463 1042 statuendum
1487 985 1539 1051 eit,
1561 985 1633 1039 ³⁰²⁰?
1653 996 1699 1037 (θ’

50 1058 181 1116 tholwos
198 1063 311 1168 clunium
326 1083 388 1124 osee
403 1073 507 1142 nequit.
522 1075 577 1132 Cur
590 1079 608 1132 ii
622 1079 668 1135 irie
677 1081 753 1160 ¹typis
772 1091 938 1151 repetantur,
954 1083 980 1137 in
996 1081 1139 1137 Prooemin
1160 1079 1326 1149 aperuimus.
1354 1076 1478 1149 systema
1500 1085 1589 1131 antem
1601 1085 1698 1129 eorum

50 1163 214 1252 exponere,
229 1158 403 1228 angulosque
417 1177 526 1221 errores
539 1171 737 1240 perstringere,
754 1174 824 1242 arrad
845 1174 897 1229 iroe
915 1172 974 1228 loeo
997 1173 1174 1243 supersedere
1198 1185 1355 1242 possiumus,
1377 1168 1503 1238 scriptori
1523 1167 1698 1223 C⁰¹¹¹¹¹¹⁰⁰¹³⁸

50 1248 143 1296 unare
158 1244 195 1297 cle
208 1243 317 1303 ioanne
331 1249 414 1307 Sento
424 1269 504 1326 snpra
519 1258 667 1328 impressae
685 1265 817 1321 ricbetur:
831 1266 907 1334 errjus
920 1266 954 1321 ml
967 1275 1072 1336 partern
1093 1264 1223 1330 alteram,
1234 1278 1304 1333 anae
1327 1263 1354 1318 5¹¹
1380 1262 1431 1317 ¹¹⁰⁰
1453 1270 1612 1332 arll¹¹¹¹¹l²¹¹¹⁰
1627 1258 1699 1315 ΜΒ·

50 1347 101 1402 [ιη
121 1346 266 1438 versatur,
283 1356 317 1395 ne
334 1352 394 1399 acta
414 1360 495 1417 agere
516 1351 663 1420 virlearnnr,
679 1356 844 1428 delegamus·

89 1421 255 1532 Gurlelmus¹
276 1430 524 1494 llalmesbnriensis
541 1457 610 1511 «rpus
631 1444 696 1500 illud
716 1448 852 1516 praedicat
871 1458 976 1518 propter
996 1447 1191 1519 perplexitatem
1211 1449 1378 1519 quarundam
1391 1448 1571 1517 proaertioaum
1597 1445 1701 1506 tolosa·

51 1515 119 1618 deam
136 1519 206 1619 berre
216 1521 295 1584 ortale:
309 1525 358 1578 setl
369 1527 445 1583 nouit
457 1544 466 1582 ε
479 1530 503 1583 si
514 1540 601 1587 tamen
614 1534 766 1604 ipuoreatur
777 1540 801 1592 ei
815 1539 922 1610 (loanni
939 1539 1032 1612 Senta)
1047 1542 1074 1595 iu
1086 1540 1255 1612 quibusdam,
1269 1539 1362 1613 pullus
1377 1558 1394 1593 a
1415 1538 1569 1593 Latinorum
1595 1540 1701 1592 tramite

51 1605 195 1672 denuost,
209 1609 312 1665 damin
325 1611 438 1670 Graecos
457 1619 653 1677 aeriterornloe
667 1625 788 1681 intendit.
814 1627 978 1699 Quapropter
999 1640 1024 1685 et
1047 1631 1192 1685 lraeretr‘cue
1214 1640 1321 1685 ortatur
1341 1641 1413 1685 ert...
1433 1631 1500 1684 Sunt
1521 1632 1589 1683 euim
1612 1646 1701 1684 renero

51 1693 80 1747 ia
108 1696 186 1751 libro
212 1696 276 1752 Peri
289 1701 399 1770 plrprioa
413 1705 584 1774 perplurima,
598 1728 676 1781 prae,
699 1714 750 1769 m'ei
761 1715 900 1785 dllipenter
922 1718 1109 1783 discutiantur,
1125 1736 1142 1772 u
1158 1718 1211 1786 fide
1224 1719 1352 1773 catlrolr'ea
1366 1720 1531 1774 allrorrentr'a
1546 1717 1697 1774 uideantur.

51 1783 164 1851 angius
177 1800 243 1840 mam
258 1785 340 1842 Sento
357 1789 455 1846 leniter
465 1808 545 1863 agere
560 1797 675 1853 violetur.
690 1798 786 1857 Libros
799 1817 863 1858 uero
874 1793 934 1880 rupi
948 1808 1050 1867 eirene
1063 1813 1191 1881 μιρισμοῡ
1205 1806 1228 1860 si
1249 1815 1350 1861 attente
1368 1807 1533 1877 perlegeris,
1555 1808 1602 1862 tibi
1620 1807 1701 1863 laeile

50 1879 254 1945 mmoadebis,
266 1894 385 1949 errores,
404 1897 473 1954 qrros
488 1885 515 1939 in
531 1886 601 1944 lilrro
623 1889 656 1945 tle
670 1889 919 1950 Praenestinatione
945 1899 1137 1968 cognorimus,
1162 1912 1196 1953 ex
1218 1897 1325 1953 illorum
1340 1906 1489 1969 systemate
1503 1899 1579 1969 qrrasi
1599 1908 1696 1967 sponte

50 1965 225 2032 poeniceo.

485 2057 507 2094 e

52 2143 1212 2194 —--———--------......

643 2377 645 2380 v
669 2308 751 2361 usrr
767 2311 895 2361 orrens
913 2313 1100 2362 merrrnor

812 2483 851 2525 ΙΙ)
878 2485 945 2531 EST

263 2581 265 2584 ’
356 2648 455 2757 ne
506 2648 940 2813 nrvrsroun
991 2652 1399 2772 narnate,

774 2876 998 2892 ῃ

661 2946 830 3069 ‘utnon
865 2979 1073 3071 enimus*

100 3276 251 3335 Bassareu
278 3276 367 3347 Saepe
394 3276 461 3333 mihi
487 3275 628 3350 oogitunti,
646 3275 854 3348 diligentiusque
869 3285 892 3345 Α
905 3285 1034 3348 orrattuor
1047 3275 1127 3332 binae
1141 3276 1191 3334 sibi
1208 3276 1324 3333 inrisere
1339 3287 1529 3350 opponuntur;
1544 3294 1606 3337 nom
1622 3283 1702 3340 tertia

72 3379 195 3437 quantum
208 3368 281 3423 uires
294 3378 440 3439 suppetunt
454 3371 613 3441 inquirenti,
622 3386 712 3426 rernm
723 3373 854 3435 uranium,
907 3367 1051 3436 opponitur
1067 3367 1181 3436 primae,
1191 3376 1288 3437 ortaria
1301 3382 1365 3424 tero
1377 3369 1525 3437 monadem
1542 3373 1589 3428 secl
1601 3385 1699 3444 quarta

74 3460 193 3529 munet
209 3462 302 3517 animo
328 3463 428 3533 percipi
461 3472 584 3534 possunt,
611 3464 652 3519 rel
679 3464 855 3520 intentionem
906 3457 978 3512 inter
1002 3457 1177 3525 impossibilia
1201 3458 1327 3527 ponitur,
1356 3456 1433 3527 errjns
1456 3458 1606 3517 dillerentla
1631 3465 1698 3519 esti

78 3548 130 3617 ejus
143 3561 279 3621 nperartt,
290 3553 405 3622 primam
419 3568 608 3625 summamque
622 3554 783 3610 diuisionem
796 3569 857 3609 esse
906 3563 959 3603 nen
978 3562 1056 3617 posse
1070 3562 1140 3603 usse.
1155 3547 1273 3603 Rectene
1287 3546 1334 3602 titii
1348 3547 1409 3604 tatis
1420 3548 1516 3605 tllvlslo
1531 3551 1649 3618 videtur,
1661 3569 1696 3609 tut

82 3638 105 3695 in
118 3655 146 3695 ea
159 3650 312 3712 piraeeum,
327 3650 356 3697 et
376 3643 402 3697 in
425 3658 551 3713 eaquae
575 3659 628 3699 non
652 3652 732 3709 sunt,
759 3645 855 3700 horam
904 3639 979 3695 noni
1001 3639 1072 3694 [inse.
1089 3637 1173 3694 Recta
1195 3639 1303 3709 atridem
1321 3653 1329 3693 z
1350 3640 1396 3695 sed
1424 3639 1504 3696 uelim
1530 3652 1648 3711 repetas,
1672 3653 1703 3699 ut

82 3734 185 3788 omniurn
199 3734 326 3801 gencrale
339 3734 500 3790 rombrrlurn
514 3730 650 3799 ooeurrit‘,
665 3735 737 3805 orrod
760 3749 856 3806 graece
905 3729 1105 3799 praedictarum
1122 3727 1269 3784 lormorum
1280 3729 1413 3799 oppositio
1426 3729 1525 3786 clarinus
1548 3731 1696 3788 elucescat.

82 3822 158 3895 pira,
170 3823 252 3879 utine
263 3839 329 3880 nero
342 3835 439 3880 natura
462 3826 600 3881 vocitatur
612 3826 634 3879 ¹.
646 3826 687 3879 An
713 3824 761 3881 tibi
776 3824 857 3879 aliter
906 3820 975 3876 llio.
991 3819 1083 3884 Vides,
1101 3820 1127 3873 ni
1155 3819 1245 3885 latior,
1260 3820 1356 3875 tertiae
1379 3820 1479 3890 speeiei
1491 3820 1604 3892 ‘primae
1615 3836 1699 3893 oppo-

82 3914 190 3969 tioeturi
206 3914 377 3971 Drsereuuus.
398 3913 464 3980 lmo,
488 3916 644 3981 consentim
668 3929 731 3969 nam
755 3923 782 3969 et
806 3930 856 3985 ego
905 3911 1041 3967 sirionem.
1055 3910 1277 3977 Primanomque
1290 3917 1365 3964 creat
1385 3919 1414 3964 ct
1436 3925 1488 3964 non
1508 3902 1700 3977 ereaturseui

82 3999 134 4055 lun
147 4001 320 4059 mtioeinanali
341 4003 412 4058 uiam
429 4004 576 4073 ingredior,
591 4004 658 4060 lraee
673 4005 710 4059 ita
732 4004 791 4060 lieri
813 4021 855 4059 re·
905 3999 1072 4055 econtrario
1085 3998 1228 4069 opponitur
1239 3998 1295 4063 illa,
1309 4013 1378 4068 qnae
1391 4008 1500 4055 ematur
1512 4010 1602 4057 etnun
1613 4014 1699 4058 creat.

77 4093 154 4163 perio.
174 4094 243 4150 Eue.
259 4094 308 4149 Est
329 4094 411 4164 igitur
434 4103 531 4150 natura
553 4094 679 4165 gonorus
706 4109 813 4157 nomen,
826 4100 857 4146 ιιι
906 4089 1029 4145 Secunda
1040 4103 1105 4143 uero
1116 4094 1243 4157 quartae:
1259 4087 1391 4157 siquidem
1413 4089 1529 4144 mertula
1544 4099 1571 4145 et
1592 4100 1702 4147 crentur

73 4186 192 4251 uiximus,
202 4186 323 4242 omnium
337 4200 409 4255 «puae
422 4195 485 4241 strat
498 4194 527 4240 et
537 4198 609 4255 quae
624 4199 677 4239 nnn
689 4193 763 4240 stunt.
780 4185 854 4239 lirae.
906 4191 935 4237 ot
959 4188 1036 4237 eruat
1054 4180 1078 4244 ¹,
1103 4179 1147 4235 eui
1177 4177 1367 4233 uniuersaliter
1387 4186 1482 4248 quartu
1516 4181 1698 4245 ootntrarlieit,

73 4277 121 4333 Est
131 4277 249 4347 quidem
267 4277 334 4332 nilrii
359 4278 432 4331 enim
453 4277 480 4332 in
499 4277 625 4333 uniuerso
648 4275 857 4349 capitationibus
906 4288 976 4343 onae
990 4287 1041 4327 nee
1053 4282 1128 4327 creat
1141 4278 1355 4340 ncouecreatur.
1370 4269 1442 4326 Desa.
1454 4269 1532 4326 Clare
1544 4270 1632 4325 riileo.
1645 4269 1699 4325 Seri

72 4370 165 4424 neuris
183 4379 437 4441 poteetooeurrere‚
450 4366 521 4440 quoti
543 4368 589 4423 tali
613 4367 743 4424 uocabulo
769 4367 856 4422 ualeat
907 4363 1021 4419 muitum
1035 4376 1078 4417 me
1092 4366 1289 4428 moretouarta
1304 4359 1418 4428 speeies,
1432 4373 1501 4428 anae
1525 4368 1582 4413 ate
1607 4358 1699 4413 sonita

73 4474 163 4517 carere
178 4460 201 4512 ¹.
217 4458 288 4515 ilas.
301 4458 432 4526 moniam
446 4460 528 4533 igitur
542 4459 676 4514 internos
686 4457 813 4514 conuenit
823 4457 856 4512 rie
906 4464 960 4512 est.
977 4455 1044 4509 llam
1058 4455 1092 4510 de
1105 4452 1166 4509 aliis
1180 4451 1266 4508 tribus
1276 4450 1349 4506 nullo
1361 4451 1441 4505 morlo
1452 4450 1587 4504 lraesitnre
1599 4450 1698 4514 ausim,

77 4553 125 4608 boe
145 4549 274 4606 vocabulo
286 4551 409 4621 generale
419 4565 492 4616 esse,
514 4548 594 4604 uelim
618 4549 693 4604 dieas
717 4547 857 4604 divisionis
907 4562 968 4604 carn
983 4547 1083 4617 prima,
1094 4554 1124 4599 ot
1136 4542 1266 4607 arbitror,
1278 4541 1305 4597 io
1318 4556 1399 4597 earrsa
1414 4540 1622 4610 ornrrium,quae
1636 4550 1701 4596 sunt

75 4642 131 4711 eiua
141 4658 186 4712 per
196 4641 362 4698 dillerentias
382 4642 410 4697 in
432 4640 538 4713 species
562 4640 696 4695 rationem
717 4651 726 4692 r
749 4645 796 4691 ant
816 4637 855 4692 si·
871 4636 891 4696 B
905 4646 933 4693 ot
946 4653 1015 4707 arrae
1029 4651 1081 4691 non
1095 4644 1167 4700 auru,
1181 4632 1345 4705 intelligatur
1355 4647 1363 4695 ς
1375 4630 1492 4687 securum
1506 4645 1572 4687 vero
1594 4631 1622 4689 in
1638 4630 1698 4701 pri·

77 4732 134 4789 cubi
144 4734 155 4766 ⁸
167 4734 242 4798 libet,
257 4733 333 4804 prius
347 4731 466 4787 conslror
477 4731 607 4795 diuidere,
619 4738 695 4784 tunm
714 4743 778 4783 uero
791 4727 854 4792 erit,
907 4723 1083 4780 nrortlialilnu
1092 4722 1197 4788 mosim
1207 4721 1285 4775 tertia
1299 4720 1325 4773 in
1338 4719 1388 4782 iris,
1397 4732 1468 4790 aaran
1483 4719 1512 4774 in
1527 4720 1701 4789 generatione

78 4824 294 4895 dirisajudieare.
311 4810 385 4879 lirse.
399 4820 555 4892 ingredere,
569 4835 690 4890 qrramm
713 4818 855 4888 impatiens
905 4817 1124 4886 temporibusque
1138 4813 1244 4869 etlocis
1256 4810 1565 4882 communemque
1580 4811 1642 4866 irleo
1667 4811 1702 4867 tle

78 4915 144 4969 enirn
156 4917 265 4981 summio
278 4915 424 4970 histrorum
438 4913 568 4967 rationem
580 4926 595 4965 a
607 4920 633 4965 tc
645 4909 738 4963 arrnire
751 4907 854 4961 rolens.
904 4906 1017 4977 sirrpuiis
1039 4904 1170 4975 disputari
1184 4901 1310 4960 subtilius
1324 4901 1509 4958 necessarium
1521 4904 1544 4968 ⁸,
1564 4911 1595 4956 ut
1609 4901 1699 4957 vineo.

116 5006 136 5060 i.
149 5005 213 5062 llic.
233 5005 347 5061 Videtur
369 5003 434 5059 milri
460 5002 558 5058 divisio
578 5009 691 5055 naturae
715 5012 764 5068 per
777 5003 855 5066 ouat·
904 4996 974 5052 uto.
990 4995 1074 5050 liecto
1086 4995 1224 5049 aestimas.
1240 4991 1359 5063 &darm
1379 4992 1474 5047 ordine
1486 4991 1702 5049 ratiocinationis

81 5104 136 5150 taor
157 5096 318 5151 differentias
347 5100 477 5164 quattuor
502 5091 605 5163 species
627 5089 747 5161 recipere
763 5104 770 5141 ε
786 5101 854 5156 qna·
905 5089 949 5143 aia
965 5087 1079 5142 tenenda
1092 5087 1139 5152 sit,
1151 5086 1201 5142 lroe
1211 5086 1304 5150 caude
1317 5098 1370 5156 qua
1381 5085 1470 5156 speeie
1486 5092 1600 5141 naturae
1613 5084 1702 5153 primo

82 5204 135 5245 ran
161 5190 245 5261 prima
273 5197 314 5243 est
329 5188 356 5242 in
375 5201 435 5242 earn
447 5186 468 5251 ⁸,
485 5199 555 5256 arrae
568 5190 644 5238 creat
657 5190 686 5236 et
708 5196 760 5238 non
775 5194 854 5235 crea·
906 5177 1114 5241 discutiendum,
1131 5185 1177 5230 tuo
1195 5174 1308 5229 arbitrio
1330 5173 1482 5228 committo.
1504 5171 1577 5227 urse.
1601 5171 1699 5225 ilatum

82 5287 138 5344 ιιιι;
165 5278 279 5335 muria
308 5279 335 5332 in
363 5291 441 5339 eam,
476 5288 546 5346 quae
578 5279 686 5327 creatur
709 5278 738 5325 et
762 5277 854 5333 aream
908 5266 1113 5330 irritantium,
1136 5273 1198 5320 aute
1222 5264 1290 5318 alias
1317 5265 1352 5320 cle
1380 5263 1478 5333 prima,
1502 5262 1631 5331 arriepoiri
1654 5261 1699 5315 lux

83 5369 151 5421 tertia
179 5368 204 5423 in
241 5384 319 5432 eam,
355 5381 426 5438 quae
463 5375 573 5422 creatur
607 5372 635 5420 et
668 5378 721 5419 non
755 5371 851 5429 creat;
907 5358 1037 5416 mentium
1053 5353 1252 5427 lumiminum,
1267 5353 1369 5410 rlioore.

82 5464 182 5524 quoru,
194 5471 265 5527 quae
280 5470 332 5512 noe
345 5462 422 5511 creat
435 5469 486 5510 nee
505 5461 624 5510 creatur.
648 5450 749 5507 liarum
766 5450 854 5506 vero⁸
939 5449 967 5504 Ξ.
987 5447 1056 5504 Mne.
1072 5447 1110 5503 ita
1122 5448 1177 5502 liat.
1195 5444 1332 5514 Solorius
1344 5444 1376 5503 de
1390 5458 1493 5500 summa
1507 5458 1540 5499 ae
1552 5440 1696 5513 principalp

709 5609 838 5668 tautae
856 5607 1055 5667 tenuemus.

94 5736 265 5815 ‚isium
288 5736 379 5808 incipit
397 5735 498 5806 primru
515 5737 574 5812 rupi
597 5730 752 5807 pieroml)
777 5728 883 5786 titulum
906 5726 1016 5786 omittit.
1065 5728 1116 5780 ‘A
1148 5720 1469 5790 uocatur,1iroeitetar.
1519 5716 1627 5789 'llam
1657 5725 1697 5773 rat

92 5805 493 5870 opteramum—carmennum.
531 5804 632 5859 ‘liri
672 5804 723 5857 'in
745 5817 802 5856 mm
828 5801 931 5856 omi.
969 5798 1052 5852 ‘nero
1070 5795 1170 5853 omen.
1207 5792 1383 5850 'artemii
1420 5786 1469 5842 Ἀ
1491 5799 1599 5844 crearet
1624 5804 1695 5843 erea-

94 5883 138 5929 tra.
168 5876 459 5933 ’luererrariuoreru
