4167 6625
146 356 207 422 ssa
531 364 631 421 crasa
647 362 693 419 os
708 355 1061 417 nursassrrnurrouu.
1081 384 1117 397 -
1134 356 1181 411 uo
1199 352 1398 411 aserenon.
1641 313 1652 326 ’
1722 356 1776 414 scr
1845 393 1857 422 ,,

150 471 227 548 qued
247 488 354 545 seques
373 474 485 529 eilorrn
500 476 557 530 uiae
575 476 660 544 sactus
682 490 709 528 es
727 471 851 526 oerilatis.
872 469 979 534 Quanto
1007 466 1099 521 melius
1119 475 1265 538 quantoque
1291 462 1425 521 ralulrrus
1451 479 1558 535 operes,
1583 457 1607 519 si
1630 460 1677 520 utri
1701 480 1776 520 uerae
1806 441 1838 510 ,Ἰ

151 569 373 639 sempiternaeque
391 568 448 624 aine
467 570 578 625 innitens
602 569 731 640 quadriqa
749 567 821 620 illius
840 563 946 619 leumilis
971 564 1050 628 oeli,
1079 578 1157 632 quarn
1181 559 1311 632 quadrivii
1330 560 1369 612 tui
1393 560 1502 628 inflatus
1525 561 1604 632 lqplro
1625 559 1779 630 raptamini

150 663 183 717 ire
207 663 310 716 diuersa
330 662 465 735 deliqeres.
489 663 623 735 Quadriqa
647 663 725 734 leuius
746 662 802 716 riae
822 669 882 715 sunt
899 667 1023 730 quattuor
1043 654 1201 727 Euanqelia,
1224 669 1277 709 uno
1297 652 1416 723 paradisi
1437 652 1508 721 [onte
1533 656 1689 720 manantia,
1718 655 1778 723 qui·

148 756 202 810 irre
225 756 300 810 noim
321 757 363 810 ria
383 759 509 828 panditur
530 757 665 813 salutaris.
693 756 828 826 Quadriqa
847 754 925 824 lrujus
951 752 1007 807 riae
1020 759 1144 821 quattuor
1164 756 1225 803 eunt
1251 748 1377 811 rirtnter,
1402 745 1560 815 prudentio,
1585 748 1775 817 temperantia,

144 850 301 921 landrada,
323 852 448 922 justitia,
470 853 564 923 quidus
587 852 670 907 omnis
693 866 796 905 rnorum
812 848 927 919 probitas
951 853 1111 902 venustatur.
1136 842 1271 912 Quadriqa
1294 841 1374 910 lrujus
1396 841 1452 896 uiae
1462 849 1522 894 runt
1539 851 1662 911 quattuor
1675 843 1778 898 diuino-

144 958 209 997 rusrs
237 943 403 1016 eloquiorum
421 946 531 1016 species,
554 946 695 1013 lristoriea,
718 945 820 1010 ethica,
848 942 1006 1013 alleqorica,
1032 939 1191 1009 anaqoqica,
1215 935 1309 1007 quibus
1333 935 1368 989 ad
1393 950 1494 990 omnem
1516 952 1653 991 sacrarum
1674 937 1776 992 littera·

145 1050 210 1089 rurrr
233 1035 395 1093 intellectum
419 1040 583 1096 illuminante
608 1041 694 1112 qratia
720 1039 778 1110 ejus
806 1037 966 1091 inducimur.
993 1034 1067 1100 Quae
1095 1032 1118 1088 ri
1143 1030 1276 1086 lrumiliter
1303 1029 1464 1099 fideliterque
1489 1031 1582 1083 sectari
1613 1032 1778 1098 studuisses,

143 1147 287 1203 nunquam
307 1133 336 1187 r‘n
357 1142 432 1190 tanta
453 1152 572 1191 errorum
596 1144 673 1208 atque
699 1134 940 1195 abominationum,
967 1133 1047 1186 irnrno
1076 1128 1295 1199 blasphemiarum
1328 1126 1480 1200 praecipitia
1505 1125 1649 1180 incidisses.
1683 1124 1778 1181 Varum

141 1229 214 1281 aluus
256 1228 395 1298 quadrivio
420 1230 538 1285 rancore
572 1238 646 1284 tauta
676 1227 820 1299 pertinacia
845 1226 1004 1290 inlraesr'sli,
1033 1239 1197 1295 nequaquam
1221 1221 1352 1292 eloquiam
1385 1220 1446 1274 tttrt
1470 1219 1646 1275 Ecclesiastici
1671 1223 1780 1277 eradere

142 1322 275 1388 soluisti,
289 1339 342 1393 quo
354 1322 472 1378 dicitur:
487 1321 538 1391 Qui
552 1323 699 1393 sophistice
715 1322 844 1392 loquitur,
860 1319 969 1377 odibilis
986 1328 1045 1383 est,
1059 1317 1133 1373 nmrri
1151 1330 1180 1370 re
1194 1315 1406 1384 defraudabitur.
1420 1314 1478 1369 Non
1492 1314 1562 1369 enim
1575 1316 1637 1371 data
1653 1326 1695 1372 cst
1709 1318 1747 1373 illi
1763 1334 1779 1374 a

138 1413 268 1473 Domino
282 1417 378 1488 gratia.
392 1415 471 1473 Omni
483 1417 557 1473 enim
573 1416 704 1488 sapientia
715 1414 890 1471 defraudatos
901 1422 943 1469 est
954 1415 1003 1483 (a).
1019 1412 1053 1465 Et
1063 1409 1130 1465 illud
1142 1424 1149 1464 ι
1160 1409 1189 1464 lu
1204 1407 1374 1478 multiloquio
1387 1422 1441 1462 uon
1452 1407 1565 1478 eliugics
1578 1420 1718 1481 peccalum
1730 1414 1779 1484 (l).

138 1510 255 1574 Quibus
265 1511 290 1565 si
310 1513 427 1584 ewediri
443 1513 586 1577 desideras,
598 1510 740 1567 lturuilitati
756 1509 958 1565 sublimissimae
971 1506 1092 1574 crucifixi
1104 1503 1213 1577 supplan
1233 1512 1412 1574 prosternere,
1428 1511 1456 1556 ut
1469 1518 1529 1556 cuns
1551 1505 1673 1575 dpostolo
1695 1506 1781 1562 dicere

136 1604 261 1659 ualens:
277 1605 348 1663 liilril
362 1607 480 1678 indicari
497 1624 540 1665 me
554 1609 624 1664 scire
638 1608 709 1663 iuter
725 1623 773 1662 ros
787 1607 838 1662 nisi
850 1605 987 1662 Christum
1001 1603 1092 1658 lesum
1107 1612 1135 1658 er
1151 1604 1222 1657 hune
1234 1600 1392 1656 crucifixum
1406 1599 1453 1672 (ι).
1469 1600 1502 1652 Et
1517 1602 1597 1655 iton:
1611 1600 1675 1658 llilri
1690 1613 1781 1658 autern

137 1699 228 1753 absit
241 1699 354 1772 gloriari
376 1703 429 1759 nisi
450 1703 478 1759 io
502 1718 583 1759 cruce
603 1701 710 1760 Domini
733 1702 819 1757 nestri
833 1699 896 1756 lesu
911 1699 1030 1763 (llrrisli,
1046 1712 1095 1771 per
1112 1711 1192 1768 quem
1211 1696 1279 1752 milri
1300 1694 1417 1751 mundus
1435 1695 1582 1751 crucilisus
1601 1704 1664 1762 ιιι,
1685 1708 1714 1753 ιι
1731 1713 1782 1769 epo

137 1794 254 1849 mundo
277 1795 329 1864 (i).
352 1794 404 1851 liis
427 1798 456 1853 irr
479 1799 582 1853 nomine
599 1808 624 1852 ιι
648 1798 780 1868 adjutorio
805 1796 852 1851 tter·
876 1811 923 1865 pro
945 1805 1022 1865 captu
1048 1803 1073 1847 et
1098 1792 1196 1848 uiribus
1218 1808 1291 1846 meae
1321 1790 1472 1860 pusillitatis
1492 1792 1574 1860 maqis
1595 1792 1684 1847 deuote
1703 1808 1783 1862 quarn

138 1887 245 1955 docte,
265 1898 326 1945 tuae
340 1907 442 1965 quoque
464 1895 652 1960 conectianis,
680 1894 764 1962 [rator
783 1890 917 1956 loarmee,
939 1890 1026 1960 qratia
1040 1888 1174 1952 caeratis,
1195 1885 1256 1940 lilret
1279 1901 1359 1955 quarn
1379 1884 1488 1939 lreuiter
1507 1900 1636 1956 quamque
1652 1887 1784 1941 succincte

137 1986 318 2055 capitulatim
342 1989 446 2061 sinqula
458 1991 597 2057 adnotare,
619 2006 669 2062 quo
691 1987 799 2060 leqentis
820 1986 1000 2056 audientiaque
1021 1983 1131 2039 intentio
1145 1982 1213 2037 lecta
1228 1980 1268 2035 uel
1282 1980 1374 2035 audita
1397 1979 1538 2038 memoriae
1559 1982 1676 2035 tenacius
1700 1983 1784 2036 ualent

138 2081 346 2138 commutare.
1008 2075 1014 2089 ’

185 2177 224 2232 Et
243 2178 314 2235 haec
334 2179 443 2250 quidem
463 2195 479 2235 e
500 2180 639 2235 Prudentii
656 2179 726 2235 libro
740 2178 879 2234 haetenus.
898 2175 995 2232 Floms
1018 2171 1223 2245 Lugdunensis,
1246 2171 1291 2241 qui
1315 2169 1423 2226 nomine
1437 2167 1574 2224 Ecclesiae
1592 2166 1780 2237 Lugdunensis

142 2269 252 2326 lilrram
265 2288 345 2328 suurn
358 2274 487 2341 condidit,
506 2274 637 2331 loannem
654 2274 764 2331 &otum
778 2271 924 2329 simillimis
937 2269 1046 2327 lorrltcr
1059 2268 1165 2339 imperit
1184 2265 1277 2322 nrnrls.
1288 2264 1313 2320 ls
1325 2264 1398 2320 enim
1411 2264 1452 2319 sie
1460 2262 1567 2318 orditur
1579 2281 1586 2316 ι
1608 2259 1735 2317 Venerunt
1749 2262 1786 2316 ad

145 2385 213 2434 reos,
225 2367 301 2422 idest
311 2368 346 2422 ael
361 2368 506 2425 Ecclesiam
519 2368 728 2441 Luqdunensem,
742 2366 882 2439 cujusdam
892 2364 1024 2436 vaniloqui
1037 2373 1062 2418 ιι
1074 2361 1175 2434 qarruli
1188 2360 1300 2417 lrominis
1312 2359 1419 2430 scripto,
1433 2359 1478 2431 qui
1489 2359 1556 2413 uelut
1571 2358 1603 2413 de
1612 2358 1785 2428 praescientia·

145 2467 172 2515 et
189 2459 431 2529 praedestinatione
444 2463 684 2530 dininalrrrmanis,
695 2470 739 2528 et,
754 2469 784 2516 ut
800 2461 856 2532 ipse
873 2459 1017 2532 qloriatar,
1041 2456 1226 2528 plrilosoplricis
1249 2454 1521 2530 arqumeatatr’onilrus
1538 2453 1691 2524 disputans,
1710 2453 1786 2508 nulla

148 2556 258 2609 ratione
280 2555 399 2624 reddita,
414 2556 487 2611 nullo
505 2555 702 2628 scripturorum
721 2556 775 2611 siue
793 2564 944 2610 sanctarum
958 2552 1071 2607 Parrum
1093 2552 1247 2607 auctoritate
1269 2549 1479 2622 praelata,oelut
1494 2551 1605 2604 tenenda
1617 2558 1641 2604 et
1655 2548 1786 2620 sequenda

148 2647 212 2703 sola
226 2665 277 2703 sua
287 2652 498 2722 praesumptione
511 2650 621 2721 definire
634 2656 774 2714 sumsere,
789 2665 856 2719 qaae
869 2665 886 2702 a
899 2648 1020 2718 fidelibus
1033 2656 1058 2702 el
1071 2649 1098 2703 in
1110 2647 1230 2702 doctrina
1243 2663 1320 2703 sacra
1337 2647 1487 2701 eueroitatis
1501 2645 1656 2712 lectoribus,
1672 2660 1702 2700 eo
1715 2646 1785 2716 quod

149 2743 206 2797 siret
219 2743 361 2798 sanissima
370 2752 395 2799 et
406 2754 495 2798 contra
508 2743 587 2812 fidem
600 2744 775 2798 macritatem
787 2740 933 2812 dalmtun
948 2742 1078 2798 mendacii
1093 2751 1116 2795 et
1133 2743 1246 2805 erroris,
1258 2740 1312 2795 lieo
1325 2740 1480 2812 opitulante,
1495 2738 1620 2811 facillime
1628 2740 1786 2810 judicantur

151 2847 177 2892 et
193 2847 366 2908 respuuntur,
378 2838 459 2893 irrrrrsa
469 2839 547 2893 etiarn
560 2840 717 2909 contemptui
737 2846 762 2893 el
782 2838 848 2893 risui
864 2838 1001 2892 dolentur.
1016 2835 1068 2892 sit
1079 2837 1142 2908 quia
1154 2854 1171 2891 a
1183 2837 1290 2903 multis,
1304 2845 1333 2891 ut
1345 2837 1509 2901 audirimus,
1523 2837 1592 2890 idern
1614 2836 1691 2889 domo
1706 2835 1785 2906 quasi

151 2933 329 2988 selralasticus
342 2943 366 2988 et
385 2933 504 2990 eruditus
526 2934 694 2990 admirationi
707 2935 828 3001 icimur,
850 2944 874 2989 et
899 2934 964 2987 talia
985 2934 1106 3004 qarriens
1120 2935 1174 2989 siue
1185 2932 1299 2988 rediens
1319 2932 1386 2988 alios
1402 2933 1437 2986 aa
1451 2933 1650 2987 haesitationem
1663 2931 1783 2997 deducit,

153 3030 236 3095 alios,
250 3029 327 3100 quasi
339 3045 463 3100 maqnum
476 3029 577 3103 aliquid
592 3031 679 3097 dicat,
696 3046 796 3086 errores
817 3030 860 3085 sui
878 3045 1000 3093 sequaces
1016 3028 1103 3100 efficit,
1125 3044 1213 3084 aarum
1228 3038 1316 3083 tamen
1338 3029 1472 3083 auditores
1494 3038 1518 3083 ιι
1537 3030 1710 3086 admiratores
1722 3047 1785 3088 suae

154 3126 232 3180 inani
246 3125 401 3179 uerlositate
414 3135 439 3180 ιι
450 3134 556 3179 sentosa
570 3125 726 3196 loquacitate
737 3123 956 3195 perniciosissime
973 3132 1096 3193 occupat,
1112 3133 1140 3178 ut
1152 3140 1205 3178 narr
1218 3124 1313 3179 diuinis
1335 3123 1495 3194 Scripturir,
1515 3140 1567 3179 non
1586 3127 1787 3184 auctoritatum

157 3220 283 3274 Patersis
296 3235 324 3274 se
346 3218 662 3285 lumiliterrulmittanl,
685 3219 730 3274 red
754 3219 810 3288 ejus
832 3219 917 3289 patius
936 3219 1101 3289 plraatnstica
1123 3217 1295 3273 deliramenta
1317 3228 1469 3293 sequantur,
1488 3222 1662 3275 necesmrium
1681 3223 1786 3278 omnino

154 3316 294 3380 dusinus,
306 3323 334 3369 ut
343 3314 430 3368 studio
440 3315 558 3369 caritatis
570 3325 594 3369 ιι
607 3314 692 3369 deliro
703 3315 785 3370 nostri
796 3314 846 3368 loci
858 3326 936 3385 arque
946 3314 1047 3369 ordinis
1057 3313 1114 3384 ejus
1130 3313 1293 3379 insolentiae,
1306 3323 1412 3370 auclore
1423 3314 1545 3380 Domino,
1562 3315 1785 3387 responderemus,

157 3420 198 3474 ut,
211 3411 360 3482 quicum
369 3410 433 3464 iaec
448 3426 506 3464 cum
521 3409 569 3464 lter
582 3409 674 3464 rimare
686 3421 709 3463 ct
725 3427 788 3464 curn
800 3410 893 3465 salutis
905 3427 969 3466 suae
980 3411 1095 3480 fideliter
1104 3409 1187 3481 leqere
1202 3409 1340 3475 noluerint,
1355 3421 1496 3481 aquascant
1511 3413 1645 3477 ueraciter,
1659 3421 1786 3482 quantum

156 3521 263 3559 maesse
273 3505 319 3570 sir,
330 3503 359 3559 in
371 3504 412 3559 lris
425 3504 539 3559 nrauirne
551 3504 775 3572 periculosissimis
786 3514 809 3558 et
818 3505 940 3559 extremis
954 3505 1122 3575 temporibus,
1132 3506 1268 3560 inlraerere
1279 3505 1390 3574 firrrriter
1404 3503 1557 3576 scripturae
1569 3517 1676 3562 sanctae
1690 3508 1785 3563 immo·

158 3601 205 3655 iili
220 3601 333 3665 unitati,
347 3599 452 3654 odedire
461 3598 748 3654 lrumilirersaactoram
760 3602 963 3657 ortlrodonarum
975 3602 1087 3657 Patruus
1099 3602 1301 3671 fundatissimae
1311 3604 1472 3670 auctoritati,
1486 3602 1608 3658 claudere
1617 3611 1640 3657 el
1655 3601 1788 3659 adstruere

159 3698 280 3751 auditura
291 3695 501 3767 indisciplinatae
514 3702 538 3748 et
548 3694 703 3748 sanissimae
715 3695 874 3760 verbositati,
884 3706 908 3748 ιι
919 3694 986 3750 illud
997 3696 1101 3751 Domini
1116 3698 1215 3752 dictum
1229 3707 1283 3752 tota
1295 3698 1435 3753 intentione
1447 3700 1635 3768 pertimescere,
1650 3696 1786 3766 quodiam

158 3808 242 3862 perne
263 3792 379 3846 uidemus
401 3787 518 3858 impleri,
533 3803 585 3858 quo
598 3789 652 3857 ipre
665 3787 819 3843 airsl‘utas
834 3787 905 3844 lilius
919 3789 1043 3847 hominis
1065 3791 1178 3847 ueniens
1201 3791 1319 3846 inueniet
1342 3792 1421 3847 lldcnr
1441 3792 1469 3846 in
1495 3793 1584 3847 terral
1606 3792 1642 3862 (ι)
1663 3802 1687 3846 ιι
1717 3792 1787 3862 quod

160 3888 312 3960 Apostolus,
326 3887 355 3942 irs
368 3901 420 3958 qno
435 3886 503 3940 ldenr
517 3883 645 3938 llominur
659 3884 822 3954 loquelatur,
843 3884 993 3939 terribiliter
1012 3885 1149 3940 denuntiat
1167 3886 1277 3942 dicens:
1293 3886 1352 3942 Eril
1367 3888 1440 3942 euim
1465 3896 1587 3959 tempus,
1608 3903 1669 3944 euru
1690 3903 1785 3945 sarram

161 3982 313 4039 docuinam
328 3996 383 4037 non
396 3980 583 4045 sustinebunt,
598 3979 646 4035 sed
664 3978 700 4034 ad
714 3993 761 4034 surr
784 3978 919 4034 desideria
943 3980 1144 4035 coacervabunt
1166 3980 1217 4036 sibi
1243 3980 1388 4054 magistms
1408 3982 1563 4053 prurientes
1585 3985 1710 4053 auribus,
1729 3995 1787 4043 ela

161 4078 277 4133 reritsre
289 4077 399 4147 quidem
412 4074 532 4128 anditum
550 4081 681 4137 avertent,
703 4073 738 4127 ad
760 4071 865 4129 fabulas
878 4080 968 4129 autem
987 4083 1180 4130 convertentur
1192 4074 1237 4146 (ι).
1257 4074 1331 4133 Unde
1352 4088 1378 4134 et
1396 4078 1460 4137 olidi
1471 4081 1520 4135 sul
1537 4097 1650 4150 perrona
1661 4083 1750 4138 dilecti
1764 4094 1789 4138 ar

160 4172 235 4227 electi
249 4169 372 4240 discipuli
390 4183 491 4224 omnem
504 4166 615 4236 fidelem,
631 4178 655 4222 et
671 4169 809 4239 praecipue
822 4168 941 4223 ordinem
954 4171 1113 4240 pastoralem
1125 4172 1304 4228 sollertissime
1316 4175 1447 4241 admonet,
1461 4177 1549 4233 dicens
1567 4194 1576 4233 :
1596 4181 1618 4238 0
1633 4180 1787 4248 Tirnollrec,
1821 4222 1824 4229 .

161 4264 316 4335 depositum
326 4263 440 4329 custodi,
448 4262 570 4319 devitans
581 4262 707 4334 prolanns
721 4277 816 4318 vocum
829 4264 963 4320 servitutes
973 4271 1002 4318 el
1012 4265 1197 4336 oppositiones
1203 4267 1370 4341 diadarlpoo
1381 4273 1510 4344 γνώσεις,
1523 4273 1552 4326 id
1561 4275 1787 4343 ensalsinonrinir

160 4358 310 4422 scientiae,
326 4372 407 4427 quam
417 4357 526 4428 quidam
538 4356 726 4427 promittentes
739 4358 812 4414 eirea
826 4358 905 4414 lldern
919 4359 1078 4416 exciderunt
1089 4359 1137 4434 (q).
1153 4359 1298 4432 Propontis
1321 4365 1403 4435 iqitur
1423 4367 1520 4429 uerbis,
1535 4369 1640 4438 quaein
1659 4369 1747 4425 decern
1761 4381 1787 4427 et

162 4468 260 4508 uorem
274 4451 390 4521 opusculi
402 4450 443 4505 eui
456 4450 562 4522 diqersit
571 4451 704 4521 capitulis,
718 4461 795 4522 prout
807 4451 934 4508 llorrriaus
946 4454 1046 4510 donare
1056 4455 1192 4527 diqnatrrr,
1203 4474 1255 4512 nan
1273 4469 1361 4515 nostro
1375 4476 1462 4527 sensu,
1483 4462 1529 4516 sed
1546 4475 1697 4520 sanctarum
1712 4465 1788 4523 Scri·

158 4559 303 4620 prurarum
317 4558 340 4600 ιι
355 4545 561 4602 lectissimorum
574 4545 761 4601 catlralicorum
775 4544 885 4602 l‘atmm
899 4549 936 4603 ita
950 4552 1156 4623 respondendum
1170 4555 1346 4625 aqqredinrur.

195 4635 409 4693 sccroissinrum
428 4643 545 4713 denique
568 4642 664 4700 loanni
688 4644 770 4701 &oto
791 4648 909 4713 accidit,
934 4658 964 4703 ul
986 4649 1056 4707 duae
1070 4654 1164 4724 synodi
1176 4653 1342 4722 Gallicanae,
1354 4656 1496 4713 Valentino
1515 4672 1560 4713 an.
1574 4657 1628 4715 855
1642 4668 1669 4716 et
1686 4659 1787 4733 [sinpo-

161 4733 258 4790 nensis
277 4747 324 4788 sn.
338 4732 398 4801 859,
414 4737 499 4809 ipsius
511 4739 610 4796 tiorum
622 4748 649 4795 el
663 4740 789 4811 capitula,
803 4743 900 4813 quibus
912 4756 1085 4800 consuetarum
1104 4748 1201 4803 diodoli
1210 4750 1297 4819 potius
1316 4768 1395 4822 quarn
1410 4764 1590 4823 arqarnentum
1605 4755 1711 4827 aliquod
1723 4756 1789 4824 fidei

160 4827 345 4895 contineatur,
363 4832 571 4902 pmscrilrerent.
584 4834 624 4890 lix
639 4836 735 4904 quibus
749 4836 834 4892 altera
849 4837 960 4908 insuper
973 4839 1057 4896 aniles
1070 4859 1151 4912 paene
1166 4843 1270 4913 {adulor
1290 4844 1477 4920 scotorumque
1496 4849 1581 4919 pultes
1594 4853 1705 4922 paritati
1724 4853 1788 4923 fidei

163 4936 289 4976 wuston
309 4923 449 4993 inserentes
463 4926 535 4982 baud
556 4928 728 4984 mediocriter
743 4932 910 5000 perstrinxit.
931 4933 1032 5005 synodi
1050 4937 1122 4993 enirn
1143 4937 1301 4998 valentinae
1319 4958 1380 4998 carr.
1396 4943 1495 5001 iliaco
1507 4954 1602 5002 estam
1615 4964 1622 5002 ι
1637 4966 1647 5001 ι
1663 4947 1788 5020 Capitale

136 5052 140 5073 2
161 5026 305 5090 quattuor,
315 5034 385 5090 quac
399 5035 414 5075 n
429 5020 542 5076 concilio
555 5017 670 5075 fratrum
685 5032 837 5079 nostrorum
854 5026 944 5084 urinas
958 5043 1099 5101 prospecte
1111 5044 1236 5107 suscepta
1248 5046 1320 5104 sunt,
1334 5047 1444 5110 pmpler
1453 5041 1637 5108 inutilitatem,
1651 5045 1693 5101 sel
1703 5047 1787 5103 etiam

163 5114 329 5170 noxietatem
347 5123 375 5170 et
385 5129 506 5171 errorem
519 5116 685 5171 eontrarium
694 5120 818 5184 verirati;
832 5122 877 5176 sed
892 5132 916 5177 er
929 5123 984 5179 alia
995 5142 1042 5181 xrs
1052 5126 1209 5200 sqlloqisrnis
1223 5132 1381 5203 ineptissime
1393 5135 1527 5203 conclusa,
1540 5148 1564 5194 ιι
1580 5139 1639 5195 licet
1655 5143 1784 5211 jactatur,

163 5202 376 5260 nullasnecrrlari
382 5204 528 5260 litteratura
534 5205 653 5272 nitentia,
664 5206 691 5259 iu
701 5208 795 5277 quilrus
805 5224 979 5269 commentum
988 5215 1179 5288 dialrolipotius
1189 5238 1267 5292 quam
1274 5234 1455 5292 arqumentum
1463 5225 1638 5298 aliquodfidci
1645 5230 1787 5300 deprelren·

161 5301 249 5367 ditur,
260 5318 277 5354 a
289 5301 334 5372 pio
345 5302 439 5357 aud‘nu
448 5299 565 5371 fidelium
578 5301 681 5371 penirur
694 5302 867 5374 explodimus,
880 5318 905 5363 ιι
918 5319 946 5362 ut
960 5311 1025 5366 talia
1037 5322 1061 5366 ιι
1072 5314 1169 5369 similia
1180 5328 1330 5382 caueantur,
1340 5335 1387 5389 per
1395 5322 1483 5375 omnia
1498 5324 1653 5378 auctoritate
1671 5324 1787 5394 Spiritus

161 5395 251 5451 macti
262 5395 457 5462 immitiorem
469 5413 594 5452 mannum
604 5398 684 5452 etians
695 5414 782 5453 rerum
800 5400 1000 5472 introductores,
1022 5423 1054 5461 ne
1069 5406 1212 5466 districliur
1233 5412 1372 5481 sanantur,
1385 5416 1549 5486 cortiqarrdos
1561 5434 1615 5473 esse
1625 5434 1785 5479 consessuri.

214 5558 230 5592 a
262 5539 479 5606 dcclxxxvii,
494 5542 539 5597 25.
1041 5556 1076 5621 (ι)
1094 5556 1158 5611 erc.
1176 5558 1265 5624 illul,
1277 5561 1304 5615 8.

213 5540 242 5802 q}
258 5608 387 5665 Provetb.
403 5610 436 5675 X,
454 5613 495 5667 tu.
1039 5624 1072 5695 (ι’)
1091 5625 1112 5679 ΙΙ
1127 5626 1196 5682 Tiru.
1212 5627 1256 5691 lV,
1270 5629 1296 5695 l,
1310 5629 1336 5683 5.

233 5753 244 5821 l

258 5679 266 5732 l
280 5679 341 5734 Gor.
359 5678 390 5742 tl.
402 5681 431 5735 ἲ.

262 5748 323 5806 (ἶειΙ.
343 5748 387 5814 ll.
403 5750 446 5805 ll.

308 5834 441 5895 Persou.
466 5836 592 5899 cxxtl.

1040 5699 1077 5765 (q)
1089 5695 1097 5749 Ι
1111 5695 1227 5753 Timolh.
1243 5698 1286 5760 vt.
1296 5698 1341 5754 20.
