4167 6625
368 477 429 520 ς...
1061 445 1275 508 caucamuu.

359 587 412 646 rit.
428 584 533 658 Quare
549 580 621 645 illas
636 583 755 661 puriter
769 580 990 660 expositiones
1007 582 1158 648 rescissas
1173 582 1360 666 deletasque
1377 599 1461 659 esse,
1478 573 1615 662 ideoque
1625 579 1658 641 in
1672 576 1834 643 codicibus
1843 575 1909 656 jam
1924 573 1978 638 de·

358 701 494 767 siderari
511 701 666 784 suspicor.

398 821 459 887 liis
475 821 574 903 igitur
587 821 715 903 scriptis
731 820 865 884 uberius
881 819 1021 900 prolatos
1038 820 1171 883 loannis
1186 822 1271 886 eruti
1285 821 1327 886 de
1344 836 1478 902 corpore
1492 826 1523 884 et
1540 817 1696 896 sanguine
1708 814 1839 880 bomini
1859 832 1981 878 errores

356 941 549 1005 llincmarus
574 937 770 1020 perstringit,
791 937 842 1000 bis
861 938 988 1018 scriptis
1012 957 1096 1024 quae
1125 941 1386 1016 continebantur,
1420 942 1555 1021 ineptiae
1580 941 1779 1007 Adreraldus
1801 940 1980 1006 monachus

357 1062 519 1126 refutarit.
540 1064 654 1126 Postea
679 1067 802 1136 autem,
829 1079 930 1143 quum
954 1065 1167 1156 berengarius
1197 1068 1401 1132 Turonensis
1417 1067 1453 1130 ia
1469 1066 1586 1130 libram
1605 1060 1767 1126 liatramni
1795 1059 1979 1135 incidisset,

355 1199 429 1247 aum
448 1181 582 1246 loannis
603 1180 692 1246 Secti
715 1198 798 1259 esse,
828 1186 858 1245 at
874 1182 936 1245 sibi
952 1189 982 1248 et
997 1185 1071 1248 aliis
1089 1191 1262 1267 persuasit.
1287 1184 1349 1249 liic
1380 1190 1487 1249 autem
1504 1181 1586 1247 liber
1600 1183 1661 1249 etsi
1678 1199 1804 1248 errares
1820 1184 1981 1266 berenga-

354 1304 465 1368 riands
479 1320 546 1370 non
559 1308 667 1383 aperte
683 1302 813 1384 profert,
826 1313 933 1369 tamen
947 1306 1099 1381 incertae,
1117 1324 1201 1388 quaa
1218 1306 1248 1370 ei
1268 1308 1390 1379 insunt,
1406 1307 1638 1389 ambiguaeque
1661 1308 1865 1373 definitiones
1885 1309 1927 1373 ita
1944 1328 1981 1377 sa

354 1423 536 1500 habentui
563 1441 635 1491 cum
651 1425 916 1504 berengarianae,
942 1432 1011 1489 tum
1034 1424 1260 1491 calvinistioae
1282 1426 1322 1491 de
1347 1443 1480 1508 corpore
1508 1434 1539 1494 et
1561 1429 1718 1509 sanguine
1744 1423 1877 1495 Domini
1902 1429 1979 1496 bae-

338 1561 465 1609 ·rcseos
483 1547 576 1628 quasi
591 1544 705 1619 matrix
721 1551 807 1607 recte
824 1544 926 1624 possit
943 1545 1060 1608 vocari.
1578 1529 1581 1534 ’

396 1683 507 1763 Neque
541 1698 617 1746 uero
634 1680 696 1746 loci
713 1681 778 1744 dua
799 1681 1021 1746 commentarii
1039 1681 1073 1745 in
1096 1684 1128 1746 S.
1145 1685 1354 1766 Evangelium
1371 1705 1435 1754 seo.
1453 1691 1560 1768 laam,
1583 1704 1666 1771 quas
1682 1689 1726 1752 bl.
1744 1691 1780 1752 li.
1804 1688 1983 1752 Raraissan

357 1801 433 1863 citat
459 1798 510 1881 (of.
534 1804 549 1877 t
574 1798 619 1880 a),
651 1800 811 1880 ejusmodi
836 1806 925 1876 snut,
951 1801 1007 1882 qui
1024 1801 1159 1866 loannis
1183 1803 1267 1870 Scoti
1297 1804 1461 1872 doctrinae
1489 1807 1530 1874 de
1559 1811 1983 1885 SS.1iucbaristia,noram

356 1929 461 2004 lucum
478 1927 653 1991 offundant.
671 1925 750 1990 Nam
774 1927 860 1994 Scoti
883 1928 1039 1993 verberet
1062 1931 1274 2011 spiritualiter
1295 1951 1362 1995 eam
1376 1932 1578 2015 {Salvatorem
1600 1935 1651 2000 rel
1666 1906 1780 2014 apnnm
1802 1909 1981 2012 mpstiaamj

356 2049 561 2125 immolamus,
587 2055 615 2110 et
639 2048 891 2113 intellectualiter
906 2060 1015 2127 mente,
1030 2069 1095 2114 nan
1116 2051 1205 2112 dente
1230 2051 1426 2128 comedimus,
1452 2055 1514 2119 atsi
1539 2057 1704 2118 raritatem
1733 2058 1829 2116 totam
1844 2066 1909 2113 non
1924 2066 1984 2118 ax·

355 2163 494 2254 pri‘mere
516 2172 695 2246 rideantur,
725 2186 835 2249 reapse
862 2174 969 2232 tamen
997 2165 1143 2233 veritatis
1170 2166 1290 2232 limites
1319 2185 1383 2232 non
1410 2170 1558 2249 migrant.
1589 2173 1658 2237 lma
1685 2174 1799 2238 Scotus
1825 2171 1985 2238 immolari

356 2290 520 2365 Christum
544 2292 712 2373 prolatatur
729 2289 912 2371 :quomoda
935 2305 1012 2353 vero
1029 2284 1225 2365 immoletur,
1251 2289 1280 2353 si
1302 2290 1430 2355 realiter
1452 2297 1602 2373 praesens
1623 2310 1690 2359 non
1714 2293 1777 2357 sitf
1792 2294 1982 2358 immolatur

352 2399 462 2474 'autera
487 2407 695 2490 spiritualiter
719 2416 748 2469 et
770 2407 909 2482 realiter,
938 2407 1117 2478 comeditur
1143 2401 1402 2471 intellectualiter
1419 2415 1447 2470 et
1473 2408 1611 2485 realiter,
1636 2416 1744 2473 menta
1767 2416 1795 2472 et
1821 2427 1885 2486 ore,
1914 2426 1983 2474 non

353 2519 462 2592 dente.
486 2530 517 2594 ls
533 2527 632 2607 igitur
655 2527 745 2590 locus
769 2526 942 2608 persimilis
966 2533 1013 2591 est
1034 2527 1117 2608 ejus,
1136 2525 1243 2607 quiin
1265 2527 1529 2608 Expositianibas
1551 2529 1586 2591 in
1601 2527 1793 2600 lerarchiam
1810 2528 1983 2594 caelestem
2078 2609 2079 2614 ἵ

355 2650 436 2723 infra
455 2652 515 2716 ool.
536 2651 592 2715 tto
609 2649 759 2715 occurrit.
778 2648 865 2711 ldem
889 2646 956 2711 fera
979 2644 1019 2710 de
1035 2645 1136 2709 altero
1150 2645 1221 2712 laco
1248 2646 1346 2712 bocca
1371 2647 1453 2711 valet
1465 2667 1472 2707 :
1484 2648 1664 2730 spiritualis
1683 2647 1812 2710 bomo...
1831 2647 1899 2728 jam
1918 2666 1984 2709 nore
2078 2717 2079 2738 χ

355 2767 456 2835 ‘eclam
476 2775 567 2849 nepot
590 2767 749 2831 Cbriatam
775 2782 897 2826 carnem
924 2783 996 2839 esre,
1026 2782 1118 2845 qnam
1129 2765 1198 2845 jam
1216 2765 1249 2828 ia
1276 2765 1425 2845 spiritum
1453 2784 1572 2830 emtam
1597 2788 1657 2830 esse
1684 2743 1856 2848 intellipit,
1876 2787 1985 2832 aerum

352 2883 446 2952 *etiam
465 2889 565 2969 ipsum
594 2888 721 2969 depellit
741 2885 959 2951 rationabilem
977 2886 1114 2948 animum
1135 2905 1207 2948 esse.
1225 2886 1262 2949 lit
1282 2889 1360 2949 enim
1381 2902 1454 2949 cara
1480 2889 1581 2968 ipsine
1596 2889 1735 2952 exaltata
1757 2896 1800 2951 est
1820 2897 1848 2950 et
1863 2897 1984 2949 mutata

350 3005 388 3069 'in
407 3009 541 3071 animam
553 3008 783 3080 rationabilem,
800 3011 846 3072 ila
861 3006 1063 3099 rationabilis
1080 3008 1181 3088 ipsine
1197 3007 1299 3069 anima
1318 3009 1349 3070 in
1366 3007 1554 3074 intellectam
1570 3014 1597 3068 el
1612 3009 1750 3090 sabjecta
1771 3017 1815 3073 eat
1834 3017 1861 3071 et
1879 3028 1981 3076 amaa.
2078 3063 2079 3084 ,

353 3128 654 3212 Quomodocunqne
676 3133 716 3194 de
734 3133 785 3193 bis
804 3131 929 3211 placitis
952 3132 1066 3203 santis,
1084 3136 1190 3193 tamen
1207 3128 1369 3194 Christum
1387 3131 1455 3211 iam
1478 3151 1548 3197 essa
1572 3150 1705 3215 corpore
1728 3133 1928 3208 destitutum,
1946 3142 1982 3198 et
2078 3127 2079 3190 i

355 3253 527 3317 humanam
541 3259 686 3323 naturam
704 3253 855 3332 inteperent
870 3267 935 3314 non
949 3250 1087 3330 amplius
1110 3247 1238 3324 babere,
1259 3268 1299 3314 cx
1318 3249 1358 3313 iis
1373 3267 1438 3312 non
1452 3251 1600 3333 sequitur
1617 3276 1625 3317 ε
1641 3253 1697 3318 scd
1713 3255 1852 3319 loannes
1869 3253 1983 3320 Scotus

354 3375 388 3437 id
414 3374 619 3454 potissimum
644 3390 737 3453 agere
753 3372 890 3448 ridetur,
910 3380 956 3449 ut,
979 3389 1081 3454 quum
1099 3372 1141 3435 sit
1157 3372 1359 3447 aduersarius
1377 3374 1551 3451 Paschasii,
1569 3364 1686 3456 corpus
1704 3376 1849 3441 naturale
1865 3383 1895 3440 ct
1911 3393 1984 3440 cur·
2078 3428 2079 3471 ἶ

355 3513 417 3574 pus
433 3494 642 3574 glorificatum
661 3496 759 3573 probe
774 3494 944 3569 discernat.
1230 3484 1238 3493 ⁸

355 3686 359 3695 .
394 3635 466 3699 Noli
482 3641 589 3705 autem
620 3636 739 3713 mirari¹
765 3638 853 3718 quod
881 3639 1095 3720 fragmentum
1111 3639 1152 3702 da
1169 3640 1220 3702 stt.
1236 3640 1432 3708 Eucharistia
1455 3645 1537 3708 all.
1562 3647 1600 3709 F.
1630 3646 1836 3711 Raaaiseonc
1866 3648 1979 3714 codice

356 3754 580 3825 abrincatensi
607 3753 728 3821 editum
756 3762 914 3843 ltapparte
937 3762 997 3827 cel.
1014 3782 1045 3844 p,
1064 3765 1124 3841 372
1149 3784 1233 3849 sqq,
1255 3774 1286 3831 et
1312 3786 1330 3832 a
1359 3770 1540 3833 fallendier
1552 3774 1627 3835 Scot
1643 3759 1850 3851 Eriplneaet.
1867 3790 1898 3853 p.
1923 3774 1986 3837 325

354 3887 462 3948 denuo
480 3884 566 3964 typis
587 3881 786 3953 mandatum,
811 3880 845 3942 in
876 3877 934 3942 trac
963 3878 1106 3944 editione
1137 3882 1271 3945 omnino
1290 3884 1503 3962 negleximus.
1532 3890 1579 3954 De
1604 3910 1669 3973 quo
1697 3890 1872 3957 Raraissan
1903 3884 1985 3959 baec
2078 3916 2079 3923 ¹

299 4014 306 4025 '
356 4008 450 4071 verbo
475 4006 661 4071 facitzcun
677 4003 826 4086 pani-lire
849 4018 892 4065 tlt
907 4000 1062 4081 [tanmem
1086 4001 1122 4063 de
1150 4000 1481 4083 bernacensem,
1507 4015 1662 4089 pent-lire
1689 4015 1727 4078 de
1750 4017 1825 4079 Soet
1850 4017 1986 4096 Eriplne

356 4125 432 4187 dant
449 4124 477 4188 le
503 4124 570 4189 ede
592 4141 726 4204 corpore
748 4118 877 4188 Domini
895 4143 908 4177 a
929 4125 973 4179 eet
989 4117 1102 4198 perde.
1122 4125 1163 4181 at
1186 4118 1290 4182 uirum
1306 4119 1345 4182 cl.
1361 4138 1435 4200 spes
1451 4124 1575 4190 fefellit.
1597 4132 1673 4194 Nam
1693 4138 1739 4196 est
1763 4132 1982 4212 fragmentum

355 4245 429 4317 libri
447 4244 667 4309 Retramniani
683 4238 805 4307 centies
824 4235 910 4318 typis
932 4220 1158 4329 repetitione
1185 4234 1253 4299 fara
1266 4236 1384 4307 media
1398 4239 1437 4301 td
1459 4244 1591 4313 uerbum
1617 4256 1732 4322 exstat.
1753 4251 1788 4319 ld
1806 4254 1894 4333 quod
1916 4255 1987 4317 edi-

354 4378 441 4431 tores
456 4366 497 4433 el.
514 4380 648 4447 prorsus
662 4361 787 4444 fugisse
803 4359 944 4433 ridetur.

406 4504 572 4585 isti-1⁸¹1]
597 4476 692 4568 tertia
711 4504 783 4566 loco
794 4501 826 4571 id
849 4497 1096 4580 expendendum
1112 4501 1221 4570 restat,
1239 4499 1326 4578 quod
1343 4515 1408 4563 non
1433 4502 1540 4566 miuus
1563 4513 1613 4569 est
1643 4507 1773 4576 difficile
1805 4511 1984 4595 expeditu.

355 4629 461 4710 qualis
477 4630 632 4698 loannem
649 4624 779 4687 Scotum
796 4623 880 4682 inter
895 4614 1133 4696 etbpaantinos
1151 4616 1223 4694 ejns
1241 4619 1394 4699 temporis
1414 4625 1619 4689 necessitudo
1634 4631 1802 4696 exstiterit.
1821 4634 1889 4697 Hoc
1906 4636 1983 4715 qui·
2003 4708 2005 4713 ,

359 4750 433 4812 dem
457 4747 518 4808 snb
545 4743 668 4815 nullum
696 4735 930 4809 dubitationem
952 4733 1050 4808 cadit,
1074 4733 1230 4795 loannem
1255 4732 1384 4797 Scotum
1399 4734 1433 4798 in
1461 4735 1544 4801 libro
1561 4737 1597 4801 de
1612 4740 1765 4811 divisione
1784 4749 1923 4813 Naturae
1942 4755 1986 4817 de

356 4864 613 4947 processiones.
636 4861 774 4942 Spiritus
800 4856 902 4935 magis
927 4855 993 4920 fere
1008 4856 1204 4919 Graecorum
1228 4854 1417 4935 adstipulari
1446 4857 1625 4936 doetrinae,
1651 4880 1748 4943 quam
1776 4870 1981 4934 nselmum,

356 4995 470 5073 Neque
484 5007 549 5054 non
563 4990 685 5077 ubique
698 4988 891 5057 Graecorum
906 4982 1098 5063 sapientiam
1109 4981 1259 5044 laudibus
1276 4979 1412 5049 extollit.
1429 4981 1560 5062 Semper
1577 4998 1669 5050 suam
1684 5005 1756 5050 cnm
1772 4992 1895 5067 graecis
1912 4990 1986 5056 lite·

238 5190 244 5205 .
355 5115 403 5179 ris
415 5112 664 5181 familiaritatem
681 5111 715 5176 in
728 5108 855 5188 scriptis
873 5107 943 5179 suis
966 5123 1041 5186 praa
1066 5123 1101 5171 se
1126 5105 1198 5181 fert,
1213 5112 1244 5170 ct
1260 5105 1354 5197 quasi
1367 5124 1386 5170 a
1399 5106 1531 5171 Graecis
1544 5114 1650 5176 amnis
1668 5115 1801 5179 omnino
1825 5117 1985 5197 sapientia

355 5239 495 5321 petenda
510 5238 564 5312 sit,
581 5234 699 5301 barum
710 5232 838 5303 landem
854 5230 974 5311 ubique
991 5228 1172 5311 praeconiis
1187 5230 1395 5311 amplissimis
1409 5232 1586 5310 praedicat.

396 5363 504 5465 Quum
534 5384 630 5466 igitur
652 5383 793 5445 loannes
805 5378 916 5443 Scotus
931 5374 1015 5458 apud
1028 5375 1176 5439 Carnium
1194 5373 1326 5438 Calvum
1344 5376 1531 5440 auctoritate
1561 5394 1619 5440 sua
1637 5380 1813 5459 plurimum
1829 5380 1980 5462 polleret,

356 5502 447 5586 quid,
462 5502 490 5565 si
505 5502 649 5578 Phallas,
665 5499 744 5579 quid
770 5496 798 5561 si
815 5495 995 5577 Byzantini,
1011 5494 1069 5576 qui
1095 5509 1133 5558 co
1150 5501 1293 5575 tempure
1316 5494 1456 5557 schisma
1474 5493 1700 5570 moliebantur,
1727 5498 1868 5560 aulicum
1887 5500 1987 5561 Grac·

357 5636 468 5685 corum
486 5619 755 5688 amantissimum
775 5622 805 5680 el
832 5622 1084 5698 praepotentem,
1112 5615 1146 5678 in
1165 5633 1240 5679 suas
1255 5620 1361 5693 partas
1383 5613 1510 5678 trabere
1534 5617 1641 5680 conati
1660 5618 1750 5682 sint?
1766 5621 1835 5683 Etsi
1853 5620 1987 5700 quidem

358 5734 399 5811 de
424 5739 483 5803 bno
511 5756 545 5803 re
567 5738 645 5803 corti
672 5730 717 5801 leil
733 5742 868 5811 constet,
889 5734 950 5799 hoo
978 5740 1081 5799 tamen
1100 5734 1177 5797 satis
1210 5739 1409 5811 compertum
1426 5738 1485 5807 est,
1514 5733 1670 5800 loannem
1698 5740 1839 5812 Scotum,
1865 5742 1892 5802 si
1920 5757 1987 5805 non

358 5878 483 5959 reapse,
499 5871 605 5939 tamea
628 5864 834 5934 inclinatione
854 5865 971 5932 montis
1000 5881 1018 5931 a
1044 5860 1151 5927 Pbotii
1174 5858 1317 5939 partibus
1341 5859 1479 5923 stetisse.
1494 5857 1586 5931 Quod
1606 5877 1715 5925 versus
1741 5858 1874 5941 pessimi
1890 5876 1992 5945 argu·⁸
2065 5844 2076 5867 '
