4167 6625
399 479 450 538 ιιι
1079 471 1220 531 ioannis
1240 472 1339 531 scon
1582 440 1586 446 ⁴
1946 483 1983 540 ιιι

400 592 467 659 sint,
490 589 630 663 prolisque
650 590 844 662 procreandae,
873 605 927 647 non
949 588 1070 648 libidinis
1094 604 1190 663 perpe·
1204 596 1230 659 Α
1242 608 1295 649 non
1310 593 1495 664 praecederet.
1511 591 1643 665 Superbia
1656 592 1747 663 itaque
1757 591 1846 659 animi,
1857 596 1985 670 carnalisque

400 680 516 739 traudae
542 682 662 751 appetitu
688 679 830 750 copulata,
859 681 1000 751 utriusque
1032 696 1114 738 sexus
1142 681 1195 739 ude
1245 700 1342 742 sensus
1370 686 1464 742 illicita
1486 685 1643 750 delectatio,
1670 684 1722 741 sibi
1745 684 1853 742 invicem
1872 688 1984 761 cambac,

391 779 533 843 ,castaque
548 771 677 841 pudicitia
702 778 809 827 serrata
825 772 834 802 ¹
851 788 858 826 a
875 771 931 828 imo
947 771 1028 828 etiam
1042 772 1193 839 laudamus,
1245 783 1369 831 naturam
1390 775 1536 831 humanam
1550 776 1648 831 nrortis
1662 774 1826 830 damnationi
1837 777 1983 838 tradiderunt:

401 864 465 934 quia
478 870 508 919 et
519 877 534 918 a
547 861 603 918 lieo
617 878 747 920 concessa
762 874 826 921 sunt
843 874 871 921 et
881 866 974 937 jussa3
990 868 1098 924 crescite
1109 868 1193 935 enim,
1244 868 1278 924 de
1291 882 1344 938 qua
1359 867 1416 924 sola
1428 867 1530 925 Christi
1540 866 1692 932 humilitas,
1711 873 1738 922 ct
1752 866 1981 938 spirituaiiunronn

400 953 499 1024 inquit,
514 962 539 1008 et
552 952 774 1026 multiplicamini,
788 965 813 1011 et
827 957 930 1028 implete
942 967 1051 1015 terrant.
1075 957 1195 1030 Uterque
1244 959 1271 1014 in
1292 958 1436 1014 animabus
1459 958 1578 1014 ltdeliunr
1603 956 1767 1021 delectatio,
1791 958 1894 1014 eandetu
1909 975 1982 1021 retest

393 1036 508 1114 'qnoque
519 1059 611 1111 sexus,
626 1045 686 1103 sine
699 1062 753 1118 quc
765 1047 873 1106 carnale
889 1051 1051 1107 connubium
1063 1051 1121 1109 lieri
1140 1067 1195 1109 uon
1243 1050 1395 1121 liberatque
1409 1060 1546 1105 naturam.
1573 1049 1631 1105 b'on
1649 1048 1734 1104 babes
1760 1049 1856 1119 itaque,
1877 1051 1981 1120 motuni

399 1139 500 1203 potest,
524 1134 597 1206 quod
610 1150 625 1189 a
640 1136 695 1193 beo
715 1136 803 1194 lactus
825 1138 871 1205 sit,
896 1139 986 1197 trullus
998 1141 1194 1198 catnottcorom
1244 1143 1309 1213 quid
1332 1141 1400 1197 ’nel
1414 1142 1441 1197 in
1457 1158 1537 1215 quem
1551 1141 1657 1213 culpam
1676 1151 1751 1198 tuam
1764 1157 1906 1211 remores,
1919 1148 1983 1204 ubila

401 1225 526 1298 ambigit.
539 1226 586 1282 atr
601 1228 674 1284 enirn
692 1227 852 1301 Scriptura:
868 1230 1016 1288 iluaculum
1032 1242 1056 1290 et
1070 1234 1195 1303 feminum
1245 1231 1379 1302 teipsam,
1399 1232 1463 1287 dum
1484 1231 1594 1288 illicitae
1611 1231 1801 1288 delectationis
1816 1240 1882 1297 tuac,
1895 1235 1916 1288 io
1930 1251 1984 1305 qun

400 1315 462 1387 [ecit
486 1332 541 1371 eos.
563 1316 630 1372 lietu
648 1317 711 1373 alibi
731 1337 738 1374 ε
759 1319 836 1387 Quod
851 1321 921 1377 Deua
948 1323 1095 1393 conjunxit,
1118 1324 1195 1379 laento
1245 1320 1351 1392 culpant
1374 1320 1398 1353 ¹⁰
1414 1322 1521 1376 cernaris
1541 1334 1681 1377 removere
1705 1320 1739 1387 ¹¹,
1761 1322 1912 1378 convinceris
1922 1337 1985 1381 auem

400 1424 453 1463 non
476 1409 614 1479 ‘repnret
629 1407 757 1466 Ganralia
775 1427 840 1468 uero
854 1412 989 1486 currp'rrgia,
1010 1416 1061 1472 etsi
1076 1415 1196 1486 legitima
1245 1428 1315 1469 esse.
1332 1412 1382 1469 Ubi
1404 1413 1517 1484 pulcbre
1531 1414 1685 1470 riirinorum
1698 1415 1841 1470 uerborum
1858 1420 1985 1472 testimari·

399 1498 456 1551 sint
484 1505 512 1552 et
531 1496 665 1569 religiosis
684 1500 870 1569 'bominibus
886 1502 1039 1573 conjuncta,
1056 1505 1197 1562 libidinoso
1246 1504 1417 1560 madrerlere
1437 1503 1576 1561 debemus.
1591 1505 1629 1559 iia
1642 1505 1792 1576 siquidem,
1803 1506 1983 1575 quaesimuibru

399 1596 491 1644 tanuen
513 1586 524 1619 ⁸
547 1587 694 1660 illicitoque
717 1600 793 1647 motu
813 1594 931 1651 carnaiis
954 1594 1075 1666 pruritus
1102 1611 1197 1652 carere
1246 1602 1319 1657 suut,
1347 1595 1450 1664 absque
1469 1594 1658 1666 temporalium
1680 1595 1845 1651 morularum
1865 1597 1984 1661 incautis,

400 1692 455 1734 non
488 1691 568 1749 posse
601 1679 791 1737 incunctanter
824 1680 1000 1741 alilrnramus.
1033 1683 1092 1741 Non
1123 1686 1195 1740 enim
1246 1693 1358 1756 propter
1387 1692 1508 1741 nostram
1542 1685 1699 1741 tarditatem
1727 1685 1893 1756 carnalesque
1913 1704 1985 1751 ausus

400 1767 510 1822 aliunde
519 1776 661 1824 nascentes
671 1770 789 1827 incarne
799 1772 974 1844 parvuli,nisi
987 1775 1060 1842 inde,
1069 1784 1197 1832 aeternae
1246 1775 1345 1848 quibus
1358 1776 1481 1848 originali
1496 1786 1607 1847 peccam
1618 1778 1741 1850 corrupti
1753 1779 1775 1809 ¹¹
1786 1776 1850 1834 iocis
1859 1780 1988 1848 tenporibus·

400 1857 497 1913 mortis
511 1865 617 1915 reatum
632 1862 773 1918 attrabunt
784 1875 810 1931 r,
831 1878 900 1934 quos
912 1865 999 1921 solum
1023 1865 1034 1898 ¹
1048 1866 1198 1926 catholicae
1247 1880 1300 1934 que
1311 1865 1333 1897 ¹⁸
1343 1867 1553 1931 succumbimus.
1566 1868 1661 1924 ordine
1672 1868 1791 1938 quodam
1810 1868 1987 1940 milliilbffltil'r

400 1945 540 2003 Ecclesiae
554 1949 688 2020 baptisma
707 1952 742 2007 ab
756 1952 815 2024 ipso
830 1966 907 2010 reatu
919 1955 1026 2012 liberat.
1040 1956 1197 2015 asserimus
1213 1946 1236 2007 B
1249 1970 1344 2013 eorum
1356 1970 1486 2012 sensuum
1497 1956 1669 2027 plenissimo,
1686 1957 1772 2014 veluti
1782 1959 1846 2015 locis
1857 1960 1987 2029 tenmme

400 2052 517 2110 qnoque,
533 2040 643 2111 copulas
658 2039 718 2096 illas
730 2043 863 2112 carnales,
878 2044 977 2116 quibus
992 2047 1111 2103 bumana
1125 2048 1198 2105 ioca·
1248 2060 1301 2117 que
1312 2054 1423 2116 peracta
1437 2048 1589 2103 contexuit.
1603 2048 1698 2105 Primo
1711 2049 1804 2121 itaque
1824 2049 1988 2119 interrogant

398 2125 464 2183 liter
476 2135 503 2183 et
519 2131 705 2201 temporaliter
718 2141 816 2188 natura
836 2144 1010 2209 propagatur,
1028 2152 1081 2195 non
1100 2153 1196 2195 neem·
1247 2137 1301 2202 nir,
1320 2136 1423 2192 bocest
1434 2136 1550 2192 animus.
1567 2137 1622 2193 Nec
1634 2138 1785 2206 immerito,
1799 2140 1859 2194 dum
1871 2141 1988 2209 omnipara

400 2218 489 2274 sarias
501 2217 569 2287 lore,
578 2221 690 2278 sibomo
700 2238 765 2278 snae
775 2231 889 2282 naturae
899 2227 1149 2298 multiplicationem
1162 2230 1195 2286 ad
1247 2227 1306 2283 diso
1321 2228 1457 2283 humanae
1470 2236 1585 2284 naturae
1597 2228 1712 2299 praesit,
1722 2243 1837 2305 eumque
1847 2230 1988 2294 nraodirear

400 2308 604 2368 similitudinem
625 2328 755 2384 pecorum
776 2315 847 2385 lieri,
865 2317 1022 2374 caelestium
1043 2319 1196 2376 numerosi·
1247 2323 1273 2376 in
1288 2337 1321 2377 eo
1336 2321 1456 2377 divinum
1470 2331 1643 2395 praeceptum
1666 2322 1690 2357 ¹⁰
1710 2322 1863 2386 violaretur,
1878 2323 1956 2377 debuit.
1965 2324 1988 2376 tc

399 2409 456 2456 tate
476 2403 595 2470 deserta,
609 2420 664 2462 uon
688 2406 810 2477 eligeret.
834 2407 911 2464 Sicut
930 2410 968 2467 ait
980 2410 1065 2467 David
1084 2426 1091 2465 ε
1108 2411 1194 2469 llonto
1246 2411 1287 2468 sic
1302 2410 1501 2484 interrogatur:
1516 2411 1614 2481 bdarrr,
1633 2413 1680 2468 ubi
1695 2414 1748 2470 es?
1770 2413 1809 2469 dc
1830 2414 1853 2469 si
1872 2414 1952 2468 diecret
1964 2412 1987 2465 ¹‘:

400 2509 460 2546 curn
475 2494 503 2548 in
520 2495 618 2551 bonore
634 2507 710 2562 erret,
726 2514 779 2554 non
798 2498 944 2567 intellexit,
968 2511 1134 2573 comparatur
1157 2514 1195 2558 cst
1246 2501 1343 2569 Adam,
1358 2503 1417 2573 qui,
1432 2504 1589 2575 priusquam
1603 2518 1765 2574 peccasses,
1787 2504 1854 2559 ultra
1872 2504 1943 2558 onnia
1953 2503 1988 2556 lou

398 2582 526 2650 lenientis
540 2585 732 2656 insipientibus,
752 2596 776 2643 et
789 2589 884 2644 similia
901 2591 986 2661 lucter
999 2601 1037 2648 ert
1061 2591 1124 2647 illia.
1141 2593 1194 2650 Sed
1245 2604 1274 2651 et
1288 2603 1409 2666 tempora
1427 2595 1590 2654 constitutus
1602 2595 1699 2663 tueris,
1713 2596 1843 2666 responde
1861 2609 1928 2659 nunc,
1938 2606 1988 2665 prae

402 2674 547 2733 redeamus
558 2678 592 2732 ad
603 2692 763 2750 responsum
781 2681 913 2749 mulieris,
926 2683 1020 2754 culpae
1033 2699 1099 2742 suae
1113 2701 1194 2743 occa·
1246 2689 1392 2755 varicator,
1406 2688 1451 2744 ubi
1461 2690 1509 2744 est
1523 2687 1592 2744 liras
1603 2688 1632 2744 in
1644 2689 1731 2753 caelo,
1747 2688 1817 2744 sicut
1830 2687 1931 2758 angelica
1939 2700 1988 2739 orer·

401 2770 507 2827 sionem
530 2771 559 2828 in
578 2776 743 2843 serpentem
764 2775 939 2833 removentis.
967 2776 1041 2832 Dixit
1067 2777 1194 2836 lierninua
1248 2778 1443 2847 tura,beatus;
1466 2779 1578 2835 nuncin
1594 2779 1676 2836 terris
1690 2794 1740 2846 cs,
1760 2776 1986 2835 sicntbrutaardua·

403 2862 473 2919 Deus
487 2866 521 2919 ud
536 2864 692 2920 mulcerem:
708 2864 797 2933 Quare
807 2869 857 2923 lroc
869 2867 978 2938 fecisti?
992 2870 1067 2937 Quae
1088 2887 1195 2943 respon·
1246 2868 1293 2935 lia,
1307 2868 1451 2939 superbus.
1471 2867 1567 2925 Sermo
1589 2870 1760 2926 convertitur
1782 2868 1815 2923 ad
1833 2868 1986 2929 tantumno

374 2996 377 3001 »
401 2954 440 3009 dit
458 2970 468 3010 .·
488 2953 600 3025 Serpens
617 2955 715 3028 decepit
735 2974 789 3024 me,
809 2967 833 3013 et
854 2961 963 3016 comedi.
987 2959 1020 3016 Et
1036 2971 1065 3018 tn
1085 2962 1194 3031 mutter,
1247 2959 1280 3014 ab
1304 2973 1336 3014 ea
1353 2958 1503 3030 quaeritur,
1528 2974 1577 3015 cur
1601 2960 1642 3014 sic
1667 2957 1782 3015 leocritl
1804 2955 1851 3012 Ubi
1872 2954 1984 3013 notandum,

401 3060 486 3114 quare
507 3060 632 3101 remores
652 3046 756 3103 crimen
779 3055 853 3105 tuum
878 3050 906 3105 in
929 3058 1103 3123 serpentem,
1132 3068 1193 3109 cum
1246 3048 1319 3119 quod
1331 3063 1384 3104 non
1404 3047 1547 3105 confestim
1561 3049 1619 3105 uiro
1636 3057 1664 3105 et
1680 3048 1789 3105 mulieri
1803 3041 1985 3110 seutentiaiuqui

403 3139 501 3210 tuipsa
522 3139 560 3196 sis
573 3147 635 3196 tuae
648 3140 768 3211 culpae·
789 3142 927 3198 creatrix?
945 3141 1064 3214 Serpens
1078 3144 1145 3215 ipse,
1167 3144 1194 3200 in
1245 3144 1331 3201 realis
1339 3143 1440 3215 judicis
1454 3141 1601 3215 protertur,
1612 3143 1660 3199 sed
1672 3143 1759 3200 veluti
1770 3142 1875 3213 spatium
1890 3132 1986 3206 improbat

402 3243 483 3299 quem
498 3228 604 3300 culpam
615 3231 745 3301 refundis,
761 3233 787 3288 in
799 3240 825 3289 te
835 3234 894 3306 ipsa
908 3235 979 3305 repit
990 3249 998 3288 a
1010 3248 1121 3305 serpens
1133 3243 1194 3290 tuus
1245 3236 1429 3293 excusationis
1453 3236 1629 3306 corrigendae
1653 3235 1824 3300 conceditur,
1846 3233 1941 3298 iamque
1955 3226 1985 3278 t'ss·

403 3328 450 3374 tua
474 3320 591 3377 earnalis
614 3324 832 3395 concupiscentia
860 3334 903 3381 est
934 3335 1016 3397 atque
1040 3323 1192 3395 delectatio,
1208 3305 1232 3370 (ἶ
1247 3327 1399 3400 dulgentiae
1423 3335 1608 3397 praeparatur.
1637 3327 1783 3384 Postremo
1806 3339 1873 3390 uero,
1895 3319 1941 3375 dun
1959 3313 1985 3366 Μ

402 3426 473 3482 quae
486 3427 519 3467 cx
534 3413 729 3472 irrationabilis
742 3416 850 3471 animae
868 3425 943 3472 motu
956 3416 984 3470 in
1000 3431 1081 3473 sensu
1097 3432 1194 3489 corpu·
1246 3427 1402 3491 serpentem
1428 3418 1595 3490 peruenitur,
1620 3433 1674 3474 noo
1701 3419 1748 3475 iile
1771 3418 1930 3485 interrogatur,
1949 3418 1985 3502 ute

401 3503 588 3577 reugignitur.
603 3504 714 3562 Frustra
736 3506 819 3579 igitur
830 3504 938 3573 mulier,
954 3521 1051 3562 sensus
1069 3507 1194 3564 videlicet
1246 3510 1271 3565 ei
1284 3507 1401 3580 spatium
1416 3507 1574 3565 remotionis
1595 3506 1692 3579 culpae
1712 3510 1740 3565 in
1753 3503 1868 3564 aliodrel
1879 3501 1962 3568 aliquem
1972 3494 1982 3522 '¹

403 3594 533 3660 carnalis,
547 3595 654 3665 culpam
666 3610 743 3651 snam
757 3595 787 3651 in
806 3605 971 3666 serpentem,
987 3594 1039 3651 buc
1051 3598 1130 3652 estin
1144 3598 1193 3653 dc·
1246 3600 1402 3672 praebetur,
1420 3599 1483 3669 quia
1506 3614 1560 3653 non
1585 3599 1683 3670 potuit,
1711 3599 1834 3670 qnoniam
1854 3584 1984 3663 primordiale

401 3685 573 3742 lactationem
597 3685 826 3754 irrationabilem,
850 3686 927 3757 cujus
953 3685 1010 3758 ipsa
1024 3694 1119 3742 auctor
1141 3697 1194 3754 est,
1246 3703 1329 3743 causa
1343 3688 1425 3743 totius
1443 3688 1564 3743 malitiae
1579 3687 1647 3752 lnit;
1664 3689 1713 3744 sed
1735 3687 1857 3744 continuo
1870 3677 1984 3737 sorbuisti

403 3784 535 3833 removet.
550 3774 609 3833 Nou
627 3776 700 3834 enim
721 3775 904 3832 materialium
925 3791 1016 3833 rerum
1034 3776 1128 3833 illicita
1145 3779 1194 3834 de·
1243 3775 1310 3848 iusti
1333 3776 1435 3849 judicis
1461 3777 1600 3833 sustinuit.
1634 3777 1682 3833 bit
1714 3778 1787 3834 enirn
1813 3774 1876 3828 licus
1901 3767 1927 3822 ad
1944 3776 1984 3863 ati·

401 3863 511 3924 lectatio
533 3874 624 3922 orturu
638 3867 767 3924 duriter
781 3876 892 3931 natura,
915 3868 963 3924 sed
983 3882 1017 3924 ex
1035 3869 1194 3939 peccatricis
1246 3875 1386 3942 pretorem:
1417 3866 1487 3934 Quia
1519 3867 1604 3938 fecisti
1635 3867 1704 3935 laec,
1737 3864 1879 3921 maledictus
1902 3859 1985 3957 critiri

402 3960 510 4016 animae
527 3959 695 4030 imperfectis
707 3960 992 4032 irrationabilibusque
1006 3961 1135 4030 motibus,
1147 3976 1196 4033 per
1247 3962 1335 4016 omnin
1374 3960 1540 4026 animantia,
1579 3969 1603 4014 et
1638 3949 1735 4016 lectius
1770 3968 1857 4013 terrae.
1893 3940 1984 4004 tarnat·

402 4064 548 4119 corporeos
558 4064 654 4106 sensus
666 4052 693 4106 in
704 4065 824 4107 amorem
837 4051 1003 4109 sensibilium
1015 4066 1106 4108 rerum
1120 4067 1195 4108 mor·
1247 4062 1335 4120 uerte,
1349 4053 1420 4124 quod
1434 4067 1521 4125 neque
1530 4052 1600 4120 niro,
1613 4067 1704 4125 neque
1719 4049 1831 4114 mulieri,
1843 4044 1884 4101 sed
1895 4038 1984 4096 soloscr·

403 4138 482 4194 tilero
505 4138 624 4208 appetitu
647 4139 829 4209 irrumpentis.
852 4139 946 4212 Neque
967 4141 1094 4210 antiquus
1110 4141 1196 4198 bostis
1247 4146 1321 4218 penti
1334 4145 1514 4202 maledicitur.
1529 4141 1588 4200 Non
1599 4145 1671 4201 cuim
1685 4145 1758 4200 Deus
1770 4136 1892 4198 maledicit
1902 4146 1933 4194 ct.
1941 4137 1985 4195 qnae

402 4227 437 4282 ad
453 4227 541 4282 rirum
566 4227 684 4293 animae,
705 4228 826 4283 animum
846 4228 907 4285 dico
927 4228 961 4285 acl
981 4230 1126 4301 imaginem
1147 4230 1195 4287 bet
1247 4235 1321 4303 lecit,
1337 4235 1385 4291 sed
1399 4234 1552 4300 benedicit;
1573 4234 1681 4289 animus
1702 4242 1791 4289 autem
1810 4237 1835 4284 et
1852 4227 1985 4316 sensuscrer

402 4317 515 4386 lactum,
531 4333 671 4378 accessum
685 4320 809 4387 baberet,
828 4319 904 4376 nisi*
930 4320 1005 4392 prius
1018 4336 1069 4392 per
1086 4322 1195 4378 insitam
1247 4333 1307 4382 tura
1322 4326 1370 4382 liei
1392 4324 1603 4382 contemnatis
1624 4339 1690 4380 tero
1711 4319 1848 4404 delectatio
1865 4323 1926 4371 ertra
1939 4306 1984 4410 drur-

403 4425 534 4484 corporeo
559 4412 667 4478 sensui,
689 4412 736 4485 qui
760 4421 804 4469 est
825 4411 908 4468 veluti
928 4411 1060 4482 quaedam
1085 4413 1194 4479 rnulier,
1248 4433 1311 4473 nam
1325 4417 1519 4484 conditionem,
1534 4415 1768 4471 irrationabilibus
1786 4407 1984 4469 bumanaeanrnar

402 4502 486 4558 animi
501 4502 719 4572 delectationem,
735 4504 813 4574 quasi
835 4517 885 4576 per
902 4504 1037 4572 quendam
1055 4504 1194 4564 colubrum
1247 4510 1419 4581 passionibus
1430 4516 1490 4566 orta
1505 4517 1555 4572 est,
1573 4508 1687 4579 ideoque
1701 4508 1807 4564 divinae
1820 4495 1942 4558 mirtertlae
1956 4501 1983 4539 n·

401 4595 490 4668 ipsum
504 4612 663 4670 corporeum
675 4611 784 4654 sensum
794 4597 937 4654 seduceret
950 4597 1195 4668 :quemadmodum
1248 4599 1358 4657 ueritati
1371 4602 1535 4669 succumbit,
1553 4602 1617 4675 quia
1629 4608 1709 4658 extra
1725 4607 1834 4656 naturae
1847 4591 1916 4649 adea
1926 4583 1982 4684 tacut

402 4702 493 4757 neque
507 4689 613 4744 animus
629 4687 656 4744 in
667 4702 758 4744 rerum
774 4688 956 4744 nratcrialium
975 4687 1126 4759 perniciosa
1145 4688 1194 4744 de·
1206 4680 1234 4741 b
1247 4694 1402 4764 superventa
1414 4694 1446 4748 ¹⁸.
1460 4692 1529 4762 Quid
1541 4693 1612 4749 ιιιῑιιι
1627 4691 1700 4748 alind
1719 4700 1761 4750 est
1772 4689 1854 4747 divina
1867 4674 1982 4736 maledultt·

402 4777 548 4834 lactatione
567 4787 595 4834 ct
607 4780 768 4850 perabusiva
791 4779 802 4814 ⁸
816 4780 943 4836 fruitione
957 4795 1088 4851 corporeo
1101 4779 1193 4837 sensui
1247 4785 1302 4842 nisi
1314 4799 1420 4852 eornm,
1434 4785 1481 4856 qni
1496 4792 1572 4840 entra
1589 4792 1714 4839 ιιιιιιιιιῃ
1735 4787 1803 4844 sunt,
1817 4781 1911 4842 eamque
1920 4766 1982 4818 nonu·

401 4867 584 4965 consentiret,
607 4870 631 4926 si
652 4870 729 4941 prius
751 4872 780 4928 iu
802 4872 860 4942 ipso
880 4873 995 4946 superba
1011 4873 1195 4945 praesumptio
1249 4877 1365 4945 minant,
1385 4874 1536 4947 iustissima
1551 4884 1578 4932 ct
1596 4873 1783 4932 irrevocabilis
1795 4849 1984 4926 denonantur

1040 5053 1166 5111 VARlAE
1183 5052 1383 5111 saumones,

439 5181 585 5251 *sicem
605 5183 629 5239 tt
648 5185 766 5240 serratio.
805 5187 954 5256 'SicCF3
976 5189 999 5245 b
1018 5205 1060 5245 ne.
1097 5189 1241 5259 ⁸stccr;
1260 5192 1283 5248 b
1301 5201 1328 5249 et
1352 5194 1380 5248 in
1403 5191 1547 5262 religiosis.
1584 5190 1762 5248 ‘lumenom
1781 5185 1832 5268 fil.

400 5254 478 5311 'Sic
498 5253 557 5320 CF?
576 5254 599 5309 Α
618 5255 796 5322 cttlpuelnuc.
841 5259 949 5315 'Ana
987 5259 1138 5327 ’steen
1159 5263 1268 5318 alurico
1291 5278 1347 5318 om.
1374 5261 1407 5315 Α.
1448 5262 1579 5334 'inquid
1596 5277 1650 5318 om.
1667 5261 1720 5317 CF.
1757 5247 1902 5312 ”snm

400 5336 560 5398 panttnum.
599 5327 620 5360 ’¹
640 5323 686 5381 Sic
698 5324 938 5390 CF;Arenrouere
954 5331 1069 5384 conaris.
1108 5330 1312 5401 ’'Acarruptu.
1352 5330 1374 5364 ¹⁸
1392 5331 1450 5387 bct
1466 5341 1515 5386 tern
1534 5332 1633 5387 onies.
1673 5331 1695 5363 ¹⁸
1713 5327 1911 5396 staremque·
1952 5390 1956 5401 .

400 5396 706 5468 praeceptrrnrtliur'nunt.
745 5398 768 5432 ¹⁸
786 5398 987 5454 Adanrubier?
1003 5400 1306 5458 centemnunt.
1358 5402 1379 5436 ¹¹
1402 5403 1430 5458 in
1443 5350 1534 5458 eliel
1530 5400 1569 5459 rel
1583 5402 1696 5475 aliquem
1709 5416 1762 5459 uni.
1776 5398 1808 5455 t.
1842 5369 1979 5441 ἥκω

400 5474 478 5524 extra
491 5477 652 5538 natarum-a
673 5466 810 5538 Deolucta
832 5468 967 5539 reperitur.
1046 5539 1055 5545 .⁷

1167 5607 1292 5668 borna.

438 5731 452 5762 ⁸
471 5720 621 5778 Pessimum
633 5720 659 5777 l.
674 5720 748 5779 Scoti
762 5720 795 5778 de
809 5727 882 5777 statu
902 5722 1144 5793 primoparcntum,
1158 5725 1193 5781 de
1238 5723 1357 5782 ¹Accedit
1368 5723 1619 5797 sacraescripturae
1633 5731 1725 5809 aperta
1749 5710 1879 5777 irniidcatlu
1896 5709 1917 5757 el
1934 5692 1979 5813 3¹52

403 5803 469 5846 sexu
489 5792 602 5861 duplici,
618 5800 646 5846 et
672 5791 706 5847 dc
733 5792 907 5860 generatione
926 5792 1092 5861 doctrinam,
1112 5811 1193 5864 qnam
1217 5837 1221 5845 .
1244 5796 1347 5865 peccati
1374 5796 1512 5866 originalis
1535 5796 1729 5866 interpretatio.
1753 5790 1791 5847 Cl.
1817 5779 1938 5840 Ctsslffiiffl·

403 5859 447 5918 bis
462 5859 536 5917 libris
548 5862 658 5918 ulterius
673 5862 805 5934 explicat,
820 5863 965 5922 identidem
980 5866 1193 5934 percensuimus.
1247 5865 1273 5921 l.
1289 5865 1370 5922 Scato
1385 5865 1414 5920 P.
1430 5865 1452 5921 ll
1465 5864 1480 5937 l
1493 5866 1530 5922 tu
1543 5879 1603 5936 sqq.
