4167 6625
329 563 381 618 tos
879 557 1130 611 esrosrrronns
1146 556 1288 612 ronnnts
1305 554 1405 614 santi
1909 543 1964 601 tet
2077 521 2078 528 '

329 680 376 736 τῆς
392 669 484 744 ψυχῆς
498 668 674 750 ιμιεεεωεειι
696 666 767 739 quod
788 680 895 723 sursum
913 666 1000 724 lartur
1013 669 1041 725 in
1060 669 1121 724 ani·
1134 675 1161 737 Α
1174 667 1308 739 theologia
1322 682 1371 739 per
1390 668 1595 725 descensionem
1617 664 1652 719 ad
1665 659 1829 719 humillimas
1847 667 1877 715 et
1893 674 1962 716 con·
2077 717 2078 732 ,

331 777 385 816 ma.
400 759 597 852 llenstutippe,
616 773 686 832 quae
701 767 811 815 nostrae
827 766 941 815 naturae
960 759 1122 815 sublimissi·
1171 758 1246 814 sasas
1265 757 1477 829 inhonestasque
1495 753 1677 813 materialium
1696 767 1786 807 rernm
1809 749 1965 805 conforma·

331 868 375 908 ma
389 861 628 924 parsest,snrsum
642 866 751 922 semper
773 851 808 908 arl
822 851 974 924 spiritualia
987 853 1120 909 naturati¹
1173 850 1585 923 tiones¹¹,quibusditinianimi
1600 846 1795 919 significantur.
1811 842 1967 898 Nuncrero
2077 895 2078 920 ,

331 946 449 1016 appetita
462 945 558 1000 senor.
573 943 666 1000 lline¹
680 945 719 999 ait
730 944 898 1016 Apostolasr
912 955 1022 1002 emente
1033 946 1123 1002 servio
1174 945 1402 1015 tractareincipit,
1412 945 1484 1016 qnod
1492 943 1609 999 nonsine
1619 937 1820 996 ratiotretlirina
1830 934 1967 1006 theologia

331 1038 382 1111 legi
397 1038 463 1101 liei,
478 1052 562 1094 carne
581 1023 672 1093 antem
691 1033 747 1108 legi
765 1037 872 1107 peceati
885 1054 915 1105 r;
931 1037 1048 1116 ideoque
1066 1039 1123 1109 ipsa
1173 1033 1366 1090 similitudines
1376 1049 1467 1091 rernm
1479 1031 1694 1108 invisibiliumen
1701 1024 1882 1082 onruirisibili
1889 1037 1968 1080 eree·

330 1143 394 1201 pars
429 1136 522 1183 nostra
543 1126 554 1158 ¹
573 1126 681 1182 tlitinae
710 1125 862 1200 theologiae
891 1115 1124 1184 administratione
1176 1133 1235 1181 tura
1249 1126 1404 1196 sumpserit.
1424 1125 1570 1208 Propterea
1592 1120 1715 1191 sequitur
1734 1131 1743 1171 t
1761 1115 1813 1172 Seri
1834 1117 1923 1184 itaqu
1943 1124 1967 1168 et

331 1230 473 1292 purgatur,
486 1227 518 1274 ut
528 1227 642 1291 purgata
655 1220 683 1274 in
696 1218 855 1275 caelestium
868 1219 1010 1286 uirtnttrm,
1026 1221 1125 1293 ipsius·
1174 1218 1223 1273 lma
1245 1216 1389 1289 intelligere
1417 1203 1553 1289 sparteis
1561 1213 1625 1269 nihil
1649 1226 1758 1272 sorana,
1787 1224 1856 1280 gene
1885 1217 1967 1273 esst,

330 1325 384 1382 qne
396 1324 494 1366 causae
505 1310 626 1366 omnium
638 1309 893 1379 oontemplationem
907 1320 969 1381 apta
985 1312 1032 1365 liat
1045 1319 1126 1381 atque
1175 1327 1230 1367 ease
1247 1309 1426 1366 universaliter
1444 1310 1504 1365 boni
1517 1306 1716 1380 participatione
1727 1304 1872 1375 meatem,
1888 1302 1970 1372 siqui·

332 1397 478 1459 instructa.
501 1400 537 1457 Et
559 1415 722 1472 suggerens,
740 1400 816 1456 <uelat
836 1402 947 1473 proprie
963 1400 1127 1458 transfertur
1176 1406 1244 1470 aem,
1261 1413 1288 1458 at
1303 1403 1465 1474 segniorem
1481 1403 1575 1458 aeriter
1586 1401 1611 1434 ¹¹
1624 1402 1674 1466 air,
1692 1398 1779 1453 amaia
1796 1397 1864 1452 bona
1882 1397 1970 1450 salae

331 1494 505 1564 subpungens
533 1490 545 1524 ¹
576 1507 624 1549 seu
652 1494 846 1549 substimulans
879 1503 1025 1562 mentem,
1068 1496 1126 1565 ipsa
1176 1493 1288 1566 Oportet
1306 1509 1370 1560 nos,
1386 1493 1488 1564 inqttit,
1503 1492 1527 1525 ¹¹
1540 1490 1702 1563 intelligere,
1717 1489 1788 1560 quod
1809 1486 1881 1542 nulla
1894 1502 1970 1542 crea·

333 1581 469 1654 theologia
483 1596 531 1653 per
540 1580 740 1639 deformitatem
760 1583 996 1653 compositionum,
1009 1585 1061 1640 hoe
1074 1570 1124 1648 est,
1178 1593 1237 1639 tura
1252 1591 1309 1650 est,
1322 1598 1392 1655 quae
1404 1582 1516 1638 omnino
1530 1581 1607 1651 iaxta
1625 1594 1701 1635 snam
1716 1577 1869 1649 analogiam
1885 1577 1971 1646 parti·

332 1687 382 1745 per
396 1672 531 1730 deformes
544 1673 765 1743 imaginationum
786 1675 928 1729 mixturas.
948 1674 982 1729 Et
1002 1674 1053 1730 boc
1069 1690 1128 1746 sug·
1177 1675 1421 1745 cipationesnmmi
1435 1673 1498 1731 boni
1514 1673 1645 1745 privetur.
1663 1669 1709 1726 Ait
1722 1669 1794 1725 eninr
1811 1667 1972 1737 Scriptura:

333 1766 406 1836 gerit
431 1764 526 1829 menti,
543 1763 620 1836 qttia,
635 1764 706 1820 sicut
727 1764 913 1835 insipientibus
927 1764 1069 1828 'videtum
1085 1765 1127 1819 εἰ·
1181 1785 1190 1817 a
1206 1774 1234 1820 et
1245 1765 1313 1821 visit
1324 1764 1404 1830 berre,
1419 1773 1448 1819 ει
1460 1780 1524 1821 εεεε
1537 1765 1628 1820 omnia
1647 1762 1717 1819 buna
1733 1760 1810 1815 ralrle
1824 1779 1848 1814 r.
1865 1759 1897 1814 Et
1912 1759 1936 1790 ¹¹
1949 1758 1974 1814 si

335 1860 399 1914 vina
430 1858 614 1930 ¹spectacula
632 1866 660 1914 et
677 1857 887 1930 supercaelestia
916 1856 1013 1913 similia
1037 1856 1126 1912 sunt¹
1179 1853 1216 1909 ita
1229 1856 1363 1926 est,qnid
1378 1856 1525 1922 mirum„si
1538 1855 1566 1911 in
1580 1855 1661 1910 rebus
1673 1850 1859 1936 materialibus
1874 1864 1974 1919 specum

334 1946 1129 2021 monndnmreritatemturpibusimaginationibns.Neque
1180 1945 1289 2001 lationis
1311 1944 1520 2014 intelligibilium
1544 1945 1653 2000 occasio
1676 1952 1809 2007 sumatur,
1833 1949 1879 2007 nt,
1903 1954 1975 2010 qno·

332 2040 434 2113 lustum
447 2056 534 2112 neque
547 2056 639 2096 verum
659 2042 711 2096 hoc
723 2048 776 2106 est,
791 2055 879 2110 uenae
896 2038 950 2094 ulla
961 2037 1067 2109 justitia
1082 2051 1130 2092 ne-
1144 2026 1167 2086 B
1181 2037 1252 2091 niam
1267 2036 1359 2090 omnia
1383 2050 1517 2092 summunt
1540 2036 1639 2092 bonnm
1657 2032 1835 2105 participant,
1847 2045 1881 2088 er
1897 2032 1975 2087 sirei·

334 2148 387 2204 que
400 2131 453 2188 ulla
469 2133 571 2189 veritas
585 2132 729 2202 approbat,
743 2144 831 2201 neque
843 2130 922 2186 valde
932 2145 976 2185 res
989 2130 1130 2199 ipsaems·
1181 2130 1293 2185 litudine
1310 2128 1467 2184 interiorum
1488 2129 1620 2185 bonorum
1636 2129 1669 2183 ad
1688 2126 1869 2195 oogrtitionena
1889 2124 1977 2180 subli-

335 2225 444 2281 teriales
467 2224 535 2280 liunt
563 2222 912 2294 incircumscriptibilium¹
943 2222 1087 2294 spirituum
1106 2219 1131 2286 ¹,
1181 2222 1266 2278 mium
1277 2221 1412 2277 humanus
1426 2218 1533 2276 animus
1546 2220 1633 2290 possit
1645 2216 1809 2274 ascenaeret
1823 2215 1978 2312 βιιιοεεει
2011 2273 2020 2296 .

333 2316 436 2373 similes
448 2314 472 2348 ¹¹
494 2315 546 2372 sibi
560 2330 620 2372 esse
639 2314 855 2386 supercaelestes
876 2312 1010 2368 essentias
1033 2324 1132 2381 appro·
1175 2313 1253 2385 quad
1265 2314 1409 2384 seqnitur:
1747 2345 1750 2352 -

334 2405 411 2470 bant,
426 2405 514 2474 magis
525 2414 616 2459 autem
628 2403 685 2458 sois
696 2401 838 2472 speciebus
852 2408 993 2471 respuunt.
1013 2398 1131 2454 Natura·
1184 2401 1345 2476 ᾟῖϊει
1354 2420 1415 2476 erpo
1426 2420 1459 2461 ee
1468 2405 1588 2461 omnibns
1601 2404 1745 2477 intelligere
1759 2404 1840 2460 banaa
1856 2401 1975 2474 sperabo

336 2491 401 2548 liter
411 2492 510 2574 quippe
521 2491 674 2547 materialia
687 2491 778 2546 omnia
788 2491 816 2545 in
826 2489 977 2562 spiritualia
990 2489 1131 2544 transterit
1182 2497 1275 2561 tiones,
1298 2503 1322 2549 et
1340 2494 1512 2550 invisibilibus
1531 2502 1556 2550 et
1576 2494 1794 2550 intellectualibus
1808 2509 1841 2548 ea
1858 2493 1980 2548 meniis

337 2589 478 2652 appetunt,
493 2580 645 2650 spiritualia
657 2576 723 2635 'vero
736 2581 771 2635 ad
793 2578 976 2634 materialium
998 2578 1131 2633 humilem
1182 2587 1205 2619 ¹⁸
1220 2587 1362 2659 resonem
1378 2585 1464 2640 dicim
1484 2584 1622 2641 minimam
1639 2583 1663 2617 ι·
1681 2583 1874 2647 amnestian,
1890 2582 1980 2636 altere

336 2671 552 2741 vilissimamque
574 2671 776 2727 extremitatem
796 2671 921 2727 inclinari
942 2671 1052 2738 nolunt,
1068 2686 1133 2742 quo
1182 2680 1258 2734 „pono
1282 2677 1501 2734 intettmmatsem
1524 2678 1697 2744 habentibus,
1720 2691 1787 2749 qaae
1810 2674 1980 2731 unsibilibas

337 2762 411 2820 niam
423 2762 589 2833 impossibile
601 2770 653 2818 est.
665 2762 796 2819 Possibile
808 2770 850 2820 est
864 2777 980 2833 namque
1004 2762 1132 2819 inferiora
1182 2771 1259 2825 aliter
1270 2770 1410 2824 distributa
1423 2778 1495 2824 rant.
1514 2768 1558 2836 st,
1573 2769 1676 2839 inquit,
1691 2769 1784 2824 omnis
1796 2767 1893 2823 sananti
1909 2765 1981 2822 boni

337 2853 371 2908 ad
385 2854 523 2926 superiora
539 2854 705 2920 ascendere,
717 2853 883 2911 descendere
900 2869 966 2910 tero
992 2854 1132 2924 superiora
1181 2859 1372 2930 participantia
1386 2866 1467 2925 sunt,
1482 2867 1591 2929 oportet
1603 2858 1728 2931 prolecto
1741 2874 1775 2916 ex
1790 2859 1916 2914 omnibus
1933 2858 1983 2913 in·

337 2947 371 3001 ad
399 2945 529 3003 inferiora
553 2946 670 3002 natarali
697 2948 939 3012 transmutatione,
966 2944 1133 3017 impassibile
1183 2949 1319 3018 colligere,
1341 2950 1393 3006 hoc
1407 2959 1464 3015 est,
1485 2951 1512 3005 in
1525 2950 1651 3006 omnibus
1665 2949 1841 3006 materialibus
1855 2948 1983 3019 ennepi-

336 3046 388 3093 est.
408 3037 443 3092 lit
468 3037 491 3093 si
516 3038 578 3109 quis
605 3038 703 3094 dixerit
728 3054 735 3093 ε
757 3039 865 3096 ridetur
883 3039 905 3070 ¹¹
920 3038 1012 3108 itaque
1037 3039 1133 3094 beatus
1182 3041 1239 3095 cari
1253 3027 1571 3097 bonas'iffiriaterialium
1589 3041 1611 3074 ¹¹
1627 3040 1878 3113 contemplationes,
1890 3050 1928 3096 et
1944 3055 1983 3096 en

340 3128 483 3200 bisrtysius
498 3129 632 3201 angelicas
646 3130 761 3187 uirtutes
772 3132 883 3187 omnino
894 3146 990 3187 carere
1004 3130 1026 3162 ¹¹
1038 3145 1134 3201 corpo·
1183 3131 1306 3187 materiis
1328 3131 1501 3188 sensibilibus
1521 3131 1640 3188 iorrnare
1658 3131 1811 3202 praedictas
1828 3129 1983 3188 absimiles

339 3220 414 3274 ribus
442 3219 589 3290 praedictis
613 3222 765 3277 rationibus
790 3221 903 3295 [dicere]
922 3220 956 3273 ¹¹.
977 3219 1027 3276 Cui
1044 3220 1134 3276 breri-
1184 3223 1388 3288 similitudines,
1403 3231 1433 3279 ut
1448 3238 1497 3295 per
1510 3239 1557 3280 eas
1572 3216 1720 3280 invisibiles
1732 3231 1761 3279 et
1777 3222 1980 3279 intellectuales

340 3319 381 3366 ter
409 3318 452 3365 est
466 3308 489 3341 ¹¹
503 3312 731 3381 respondendnm.
750 3312 870 3367 'lerrena
889 3309 1094 3380 materialiaque
1110 3309 1133 3341 ¹⁸
1185 3315 1369 3387 intelligantur
1387 3299 1513 3383 virtuies,
1534 3317 1597 3371 dnm
1616 3331 1670 3373 non
1689 3316 1803 3381 eodem
1822 3315 1871 3371 sed
1889 3314 1980 3370 altera

339 3420 453 3476 corpora
464 3406 600 3472 mortalia,
616 3404 813 3477 corruptibilia,
829 3405 1013 3460 membrorum
1029 3402 1051 3434 ¹¹
1061 3374 1168 3458 corra-C
1183 3405 1263 3460 morlo
1290 3403 1500 3475 intelligibilium
1524 3406 1610 3461 virtus
1631 3415 1660 3460 et
1684 3405 1853 3462 sennbilium
1877 3416 1980 3461 natare

339 3497 516 3568 positionibus
536 3497 679 3564 distincta,
696 3495 869 3553 sensibilibus
889 3496 910 3529 ¹¹
924 3493 1019 3551 lormis
1037 3494 1133 3553 locali·
1183 3496 1354 3568 perspicitur.
1366 3496 1442 3565 Quod
1456 3505 1655 3567 consequenter
1667 3497 1802 3554 subnentit
1815 3496 1930 3553 dicens:
1943 3495 1979 3551 st

339 3589 444 3658 busque
458 3588 552 3658 spatiis
566 3586 782 3654 circumscripta,
800 3585 969 3657 temporibus
982 3583 1131 3651 mutabilia,
1183 3588 1252 3641 emm
1273 3586 1349 3656 {erar
1364 3556 1706 3658 thartammtttm‘qntm
1721 3605 1754 3642 ea
1770 3587 1889 3657 passibili
1906 3596 1979 3643 m

340 3692 388 3733 seu
415 3679 511 3733 borum
534 3676 654 3733 omnium
678 3675 826 3747 imagines,
851 3675 909 3731 site
928 3674 951 3707 ¹⁸
966 3674 1082 3731 interius
1105 3675 1133 3728 in
1183 3678 1296 3744 inesset
1309 3679 1379 3733 omni
1392 3678 1625 3734 irrationabilitate
1638 3688 1675 3734 eet
1690 3679 1803 3751 repletus
1818 3679 1981 3748 saniem
2077 3698 2078 3709 ι

338 3768 491 3838 phantasiis
503 3766 525 3800 ¹¹
547 3767 711 3833 memoriae,
734 3766 791 3823 sire
813 3764 933 3822 exterius
953 3767 980 3820 in
1004 3779 1133 3821 sensuum
1183 3787 1274 3825 earam
1296 3779 1398 3836 rnotae,·
1423 3770 1468 3825 aea
1492 3771 1521 3824 in
1546 3769 1766 3826 intellectualitas
1789 3769 1875 3826 altera
1897 3771 1981 3826 nabe

340 3858 519 3929 impressione
533 3858 568 3924 ¹¹,
580 3857 685 3913 diuinos
698 3855 804 3913 animos
815 3856 917 3913 babere
927 3856 1037 3926 penitus
1050 3857 1132 3911 dene-
1184 3870 1282 3930 oportet
1307 3860 1438 3915 irascibile
1460 3861 1613 3933 intelligere.
1638 3861 1736 3928 Furor,
1761 3862 1862 3932 inquit,
1882 3870 1913 3916 et
1935 3862 1981 3916 ira

339 3958 395 4018 gat.
411 3946 568 4019 spiritualia
584 3955 674 4002 autem
687 3962 802 4019 corpora
818 3947 965 4019 simplicia,
980 3945 1062 4002 nullis
1076 3947 1133 4000 lor·
1183 3950 1278 4006 bestiis
1292 3950 1397 4006 ratione
1410 3952 1568 4008 aarerrtibus
1580 3967 1615 4009 ex
1634 3951 1772 4021 passibili,
1794 3951 1915 4007 naturali
1936 3960 1980 4006 ta·

339 4051 446 4092 tatarum
476 4035 644 4091 sensibilium
668 4036 690 4067 ¹¹
721 4035 891 4093 lineamentis
910 4038 933 4067 ¹¹
955 4044 1080 4092 coartata
1098 4036 1131 4101 ¹⁸,
1184 4058 1245 4099 rnen
1270 4051 1354 4110 motu,
1384 4043 1981 4119 uel,sicntinGreecosc1ibitur,izipu-

341 4127 407 4198 ipsis
429 4127 527 4184 divinis
547 4127 645 4183 animis
670 4128 805 4186 simillima
828 4140 857 4187 et
876 4129 1132 4205 convenientissima
1181 4132 1241 4197 baie
1252 4135 1343 4208 ὁρμῆς,
1360 4150 1394 4190 ex
1408 4135 1529 4205 passibili
1545 4136 1648 4206 impetn
1663 4135 1706 4192 rel
1720 4135 1881 4205 cupiditate,
1895 4137 1978 4192 insita

339 4221 480 4292 possidere
497 4234 545 4277 eos
560 4234 615 4277 non
629 4220 717 4276 solnm
732 4237 787 4278 non
802 4222 928 4294 deneget,
941 4237 1036 4278 teram
1050 4222 1132 4278 etiam
1182 4236 1261 4292 sunt,
1278 4227 1525 4298 irrationabilisque
1539 4242 1633 4284 eorum
1648 4236 1738 4285 motus
1751 4228 1850 4298 plenus
1861 4239 1907 4286 est
1922 4230 1980 4285 irae

339 4311 463 4367 affirmat.
476 4312 506 4368 ln
525 4311 633 4383 quibus,
651 4313 815 4371 caelestibus
834 4314 961 4370 videlicet
981 4313 1130 4377 srrbtilissi·
1182 4330 1265 4391 atque
1279 4320 1388 4386 irrroris,
1406 4329 1436 4377 nt
1450 4321 1477 4376 in
1493 4321 1616 4378 leonibus
1628 4322 1782 4392 ceterisque
1794 4320 1860 4377 ieris
1875 4323 1980 4379 semei·

337 4406 443 4477 reisque
468 4405 525 4462 suis
543 4406 713 4476 corporibus,
739 4404 869 4462 humanis
887 4405 1028 4462 obtutibus
1051 4419 1132 4477 saepe
1182 4412 1242 4478 bns,
1265 4427 1381 4484 quartam
1404 4413 1549 4470 furibunda
1571 4415 1661 4471 rabies
1681 4415 1729 4471 rix
1751 4413 1853 4471 domari
1871 4422 1980 4485 potest.

337 4497 479 4554 visibiliter
497 4513 654 4570 apparuere,
666 4507 696 4553 ut
709 4497 886 4554 Abrabamet
900 4495 1021 4563 Tobiae,
1042 4505 1132 4554 trans·
1183 4501 1241 4558 lion
1262 4511 1351 4558 nmen
1371 4502 1398 4557 in
1411 4504 1452 4559 eis
1464 4503 1531 4560 tales
1545 4514 1635 4560 motus
1648 4505 1892 4577 reprehendantur,
1907 4520 1979 4578 quo

337 4598 473 4646 mutantes
487 4590 636 4648 invisibiles
649 4590 937 4660 elincircnmseriptas
953 4605 1064 4646 suoram
1077 4591 1132 4661 spi·
1183 4592 1257 4646 niam
1280 4591 1418 4647 naturales
1431 4602 1511 4657 sant,
1529 4602 1559 4649 et
1577 4593 1636 4649 sine
1656 4593 1756 4664 quibus
1776 4602 1892 4651 naturae
1913 4608 1979 4667 pro·

337 4680 475 4735 ritualium
494 4694 639 4750 corporum
651 4679 796 4750 qualitates
807 4681 834 4736 in
842 4694 1019 4750 quascunque
1029 4677 1133 4735 lormas
1184 4681 1285 4752 pristas
1300 4681 1419 4752 ipsarum
1434 4680 1582 4736 bestiarum
1595 4680 1715 4751 perlecta
1728 4697 1790 4740 esse
1804 4691 1978 4756 oonpotas13
2077 4724 2078 4751 ,

336 4772 474 4838 risibiles,
493 4771 522 4826 in
540 4771 638 4841 quibus
657 4770 813 4829 bominibus
834 4787 863 4829 se
884 4771 1062 4827 manilestare
1082 4785 1130 4826 ve·
1183 4773 1258 4828 mitis
1273 4773 1345 4829 enim
1366 4772 1408 4828 leo
1424 4772 1468 4828 leo
1484 4788 1539 4829 non
1556 4782 1614 4841 est,
1630 4776 1678 4831 seri
1693 4774 1759 4832 dum
1779 4775 1844 4832 talis
1863 4777 1981 4847 impetus

265 4923 275 4940 ο
338 4863 397 4919 lint.
1182 4863 1282 4921 luroris
1302 4874 1330 4921 et
1352 4865 1411 4922 irae
1432 4866 1491 4921 siae
1512 4866 1547 4922 tle
1565 4867 1633 4934 lieo,
1657 4867 1714 4924 sive
1734 4870 1768 4925 tle
1789 4867 1977 4931 intellectuali,

370 4954 507 5011 llactenus
518 4953 551 5011 tle
564 4954 937 5028 prouidaergapurgationem
945 4956 1029 5013 nostri
1045 4955 1129 5012 animi
1183 4956 1241 5013 sive
1262 4955 1387 5013 mhonali
1401 4956 1424 4990 ⁸¹
1439 4956 1589 5028 sapientia,
1604 4966 1693 5015 tamen
1712 4967 1856 5029 oratura,
1871 4957 1980 5031 praeli·
2077 4954 2078 5003 ἰ

445 5043 482 5063 ...at

990 5067 1120 5123 ventas
1138 5066 1340 5124 Lectiones.

375 5178 449 5236 *sta
461 5160 870 5248 G,ll‘nataralia,linataralip
881 5178 986 5250 (punct.
1001 5176 1122 5249 adili).
1161 5175 1316 5233 'BNunn
1358 5176 1574 5236 ¹Bnostraert.
1624 5180 1821 5254 ‘cornute
1834 5182 1979 5266 scripsisse

336 5251 443 5307 ridetur
464 5249 650 5321 aabpongens),
672 5250 694 5305 Α
708 5249 879 5321 snbjungens,
895 5248 1103 5317 Cartbpongens.
1168 5245 1241 5302 ¹Sic
1255 5248 1287 5311 G,
1308 5246 1330 5301 B
1346 5248 1558 5318 inspicientibar,·
1571 5250 1602 5305 Β·
1615 5250 1648 5306 nal
1664 5266 1749 5323 marg.
1763 5267 1835 5308 oorr.
1851 5253 1978 5323 issima·

336 5323 415 5377 tibus.
453 5320 606 5390 ¹li'supra
624 5319 712 5377 adser.
735 5319 805 5389 gaab
829 5320 930 5375 divina.
981 5317 1108 5372 'liram
1139 5331 1213 5372 corr.
1232 5318 1294 5371 sint.
1332 5317 1701 5391 ¹Ainoirranrreriptsm,li
1724 5323 1829 5378 vitietur
1849 5322 1979 5379 babuisse

335 5390 617 5457 incircumscriptum,
633 5390 691 5445 sed.
710 5390 768 5445 rati.
780 5404 852 5445 corr.
866 5388 1132 5452 incircumscriptam,
1146 5385 1177 5440 Β·
1192 5401 1273 5456 supra
1296 5385 1386 5443 anser.
1409 5403 1482 5444 sorr.
1507 5391 1827 5461 insirearnseriptibilisnt,
1849 5392 1871 5449 C
1893 5394 1978 5448 insir-

336 5462 562 5532 cnmrcriptornm.
613 5458 851 5530 ’spiritsamorm
865 5460 898 5515 B.
957 5459 978 5492 ¹¹
998 5457 1092 5541 Cotti,
1109 5455 1301 5538 blictrintilia.
1363 5457 1427 5513 ¹¹1³·
1443 5472 1531 5562 marg.
1546 5461 1635 5517 adscr.
1652 5471 1740 5517 straten
1756 5462 1845 5562 “ff
1862 5463 1979 5518 habeant

336 5548 456 5603 corpora.
509 5531 531 5563 ¹¹
549 5529 684 5587 stenen.
737 5527 1194 5596 1ἰιὶεειιεειι.,ιιι1ιιὶι1ιειιιειιι.
1233 5525 1320 5582 ¹¹Est
1338 5542 1393 5584 orn.
1408 5530 1442 5583 tt.
1490 5529 1724 5587 ¹Bnratsrialia.
1776 5532 1980 5588 ¹Btneerbro·

336 5618 454 5673 moigne.
472 5601 698 5666 ¹¹Bsenribibne,
714 5599 745 5656 Β·
759 5614 842 5670 supra
859 5600 1009 5656 adscr.-li·.
1049 5598 1070 5631 ¹¹
1089 5597 1110 5652 B
1129 5613 1185 5653 sert.
1237 5597 1259 5629 ¹¹
1280 5597 1302 5654 B
1321 5599 1436 5655 ceterius
1453 5600 1617 5669 phantasias.
1656 5601 1714 5656 ¹⁰1³
1731 5601 1760 5656 in
1778 5618 1906 5658 sesmaria
1925 5604 1978 5656 ira·

335 5692 502 5761 pressionem.
551 5692 573 5725 ¹¹
589 5692 774 5757 baensiliam,
794 5691 825 5745 Β·
837 5706 908 5747 corr.
933 5691 1105 5747 sensibilium.
1150 5689 1174 5719 ¹¹
1188 5685 1255 5744 nbc
1278 5686 1449 5745 liniamentis.
1499 5689 1523 5721 ¹¹
1542 5688 1607 5746 nbc
1630 5676 1759 5748 connata}
1810 5693 1870 5747 ¹¹B
1891 5694 1981 5765 resm-

336 5762 471 5818 nationes.
519 5761 544 5794 ¹¹
557 5761 603 5819 Sic
620 5764 654 5819 sti
669 5778 755 5833 marg.
774 5777 845 5818 corr.
863 5758 1207 5830 B'3tloeteria,lioeterir
1222 5758 1325 5828 (punct.
1343 5757 1413 5828 subi.
1437 5758 1490 5831 θ’).
1543 5759 1602 5814 ”n
1628 5762 1712 5834 inqsit
1733 5779 1790 5818 naa.
1842 5762 1977 5820 “lieet

326 5849 485 5915 fremas.
535 5852 862 5926 ”narmiensmm
879 5854 976 5913 saram
1001 5855 1068 5911 ate..
1113 5831 1243 5917 issac,
1258 5849 1303 5905 ns
1317 5850 1662 5921 testimomonium,
1679 5855 1710 5909 n·
1732 5870 1802 5913 mir.
1821 5855 1984 5912 ioman
2071 5862 2078 5881 ε

336 5940 526 5996 rrtntcrialiam.
565 5942 587 5973 ¹¹
603 5942 625 5996 h
643 5941 789 5999 rationalis.
