<?xml version="1.0" encoding="UTF-8"?>
<!DOCTYPE html PUBLIC "-//W3C//DTD XHTML 1.0 Transitional//EN"
    "http://www.w3.org/TR/xhtml1/DTD/xhtml1-transitional.dtd">
<html xmlns="http://www.w3.org/1999/xhtml" xml:lang="en" lang="en">
 <head>
  <title>
</title>
<meta http-equiv="Content-Type" content="text/html;charset=utf-8" />
  <meta name='ocr-system' content='tesseract 3.04.00' />
  <meta name='ocr-capabilities' content='ocr_page ocr_carea ocr_par ocr_line ocrx_word'/>
</head>
<body>
  <div class='ocr_page' id='page_1' title='image "./operaquaesupers01flosgoog/operaquaesupers01flosgoog_0631.png"; bbox 0 0 4167 6625; ppageno 0'>
   <div class='ocr_carea' id='block_1_1' title="bbox 54 395 1685 498">
    <p class='ocr_par' dir='ltr' id='par_1_1' title="bbox 54 395 1685 498">
     <span class='ocr_line' id='line_1_1' title="bbox 54 395 1685 498; baseline -0.006 0"><span class='ocrx_word' id='word_1_1' title='bbox 54 421 126 498; x_wconf 59' lang='lat' dir='ltr'><strong>libb</strong></span> <span class='ocrx_word' id='word_1_2' title='bbox 369 430 495 492; x_wconf 75' lang='lat' dir='ltr'><strong>fausto</strong></span> <span class='ocrx_word' id='word_1_3' title='bbox 513 431 705 490; x_wconf 70' lang='lat' dir='ltr'><strong>bicubita.</strong></span> <span class='ocrx_word' id='word_1_4' title='bbox 725 427 886 488; x_wconf 82' lang='lat' dir='ltr'><strong>utoltfsu.</strong></span> <span class='ocrx_word' id='word_1_5' title='bbox 906 459 943 470; x_wconf 96' lang='lat'><em>-</em></span> <span class='ocrx_word' id='word_1_6' title='bbox 962 429 1007 485; x_wconf 81' lang='lat' dir='ltr'><strong>DE</strong></span> <span class='ocrx_word' id='word_1_7' title='bbox 1027 428 1151 487; x_wconf 82' lang='lat' dir='ltr'><strong>utvtltts</strong></span> <span class='ocrx_word' id='word_1_8' title='bbox 1168 429 1366 489; x_wconf 81' lang='lat' dir='ltr'><strong>uotttuttttls.</strong></span> <span class='ocrx_word' id='word_1_9' title='bbox 1619 395 1685 490; x_wconf 77' lang='lat' dir='ltr'><strong>tite</strong></span> 
     </span>
    </p>
   </div>
   <div class='ocr_carea' id='block_1_2' title="bbox 51 533 1689 1059">
    <p class='ocr_par' dir='ltr' id='par_1_2' title="bbox 51 533 1689 1059">
     <span class='ocr_line' id='line_1_2' title="bbox 51 533 1688 616; baseline -0.001 -10"><span class='ocrx_word' id='word_1_10' title='bbox 51 551 198 616; x_wconf 86' lang='lat' dir='ltr'><strong>uniuntur,</strong></span> <span class='ocrx_word' id='word_1_11' title='bbox 212 555 241 603; x_wconf 88' lang='lat' dir='ltr'><strong>et</strong></span> <span class='ocrx_word' id='word_1_12' title='bbox 260 545 294 602; x_wconf 86' lang='lat' dir='ltr'><strong>ad</strong></span> <span class='ocrx_word' id='word_1_13' title='bbox 307 560 388 601; x_wconf 90' lang='lat' dir='ltr'><strong>unam</strong></span> <span class='ocrx_word' id='word_1_14' title='bbox 401 546 521 601; x_wconf 92' lang='lat' dir='ltr'><strong>omnium</strong></span> <span class='ocrx_word' id='word_1_15' title='bbox 535 533 630 616; x_wconf 88' lang='lat' dir='ltr'><strong>pacem</strong></span> <span class='ocrx_word' id='word_1_16' title='bbox 644 545 798 616; x_wconf 76' lang='lat' dir='ltr'><strong>pristinam,</strong></span> <span class='ocrx_word' id='word_1_17' title='bbox 814 549 843 597; x_wconf 90' lang='lat' dir='ltr'><strong>ct</strong></span> <span class='ocrx_word' id='word_1_18' title='bbox 856 544 881 602; x_wconf 78' lang='grc' dir='ltr'><strong>Α</strong></span> <span class='ocrx_word' id='word_1_19' title='bbox 893 556 948 599; x_wconf 93' lang='lat' dir='ltr'><strong>uuo</strong></span> <span class='ocrx_word' id='word_1_20' title='bbox 964 542 1057 599; x_wconf 89' lang='lat' dir='ltr'><strong>omnia</strong></span> <span class='ocrx_word' id='word_1_21' title='bbox 1080 544 1260 609; x_wconf 75' lang='lat' dir='ltr'><strong>ostendente,</strong></span> <span class='ocrx_word' id='word_1_22' title='bbox 1278 553 1306 600; x_wconf 90' lang='lat' dir='ltr'><strong>et</strong></span> <span class='ocrx_word' id='word_1_23' title='bbox 1320 559 1369 615; x_wconf 90' lang='lat' dir='ltr'><strong>per</strong></span> <span class='ocrx_word' id='word_1_24' title='bbox 1391 543 1481 599; x_wconf 88' lang='lat' dir='ltr'><strong>omnia</strong></span> <span class='ocrx_word' id='word_1_25' title='bbox 1505 545 1636 612; x_wconf 78' lang='lat' dir='ltr'><strong>sarriens,</strong></span> <span class='ocrx_word' id='word_1_26' title='bbox 1659 556 1688 604; x_wconf 90' lang='lat' dir='ltr'><strong>et</strong></span> 
     </span>
     <span class='ocr_line' id='line_1_3' title="bbox 52 634 1685 710; baseline -0.001 -15"><span class='ocrx_word' id='word_1_27' title='bbox 52 639 187 710; x_wconf 83' lang='lat' dir='ltr'><strong>quaesibi</strong></span> <span class='ocrx_word' id='word_1_28' title='bbox 202 637 323 707; x_wconf 81' lang='lat' dir='ltr'><strong>subiecta</strong></span> <span class='ocrx_word' id='word_1_29' title='bbox 347 635 455 701; x_wconf 90' lang='lat' dir='ltr'><strong>unium,</strong></span> <span class='ocrx_word' id='word_1_30' title='bbox 476 635 586 706; x_wconf 87' lang='lat' dir='ltr'><strong>ipsaque</strong></span> <span class='ocrx_word' id='word_1_31' title='bbox 601 634 636 690; x_wconf 92' lang='lat' dir='ltr'><strong>ad</strong></span> <span class='ocrx_word' id='word_1_32' title='bbox 647 636 754 705; x_wconf 89' lang='lat' dir='ltr'><strong>seipsa,</strong></span> <span class='ocrx_word' id='word_1_33' title='bbox 769 642 798 689; x_wconf 91' lang='lat' dir='ltr'><strong>ct</strong></span> <span class='ocrx_word' id='word_1_34' title='bbox 809 635 842 688; x_wconf 90' lang='lat' dir='ltr'><strong>ad</strong></span> <span class='ocrx_word' id='word_1_35' title='bbox 893 634 1002 705; x_wconf 90' lang='lat' dir='ltr'><strong>propria</strong></span> <span class='ocrx_word' id='word_1_36' title='bbox 1024 636 1143 690; x_wconf 90' lang='lat' dir='ltr'><strong>naturali</strong></span> <span class='ocrx_word' id='word_1_37' title='bbox 1168 648 1196 692; x_wconf 91' lang='lat' dir='ltr'><strong>et</strong></span> <span class='ocrx_word' id='word_1_38' title='bbox 1222 637 1383 693; x_wconf 88' lang='lat' dir='ltr'><strong>immutabili</strong></span> <span class='ocrx_word' id='word_1_39' title='bbox 1410 639 1541 692; x_wconf 88' lang='lat' dir='ltr'><strong>societate</strong></span> <span class='ocrx_word' id='word_1_40' title='bbox 1564 640 1685 696; x_wconf 83' lang='lat' dir='ltr'><strong>uertices.</strong></span> 
     </span>
     <span class='ocr_line' id='line_1_4' title="bbox 51 723 1688 797; baseline -0.004 -10"><span class='ocrx_word' id='word_1_41' title='bbox 51 747 83 787; x_wconf 81' lang='lat' dir='ltr'><strong>se</strong></span> <span class='ocrx_word' id='word_1_42' title='bbox 98 730 222 793; x_wconf 79' lang='lat' dir='ltr'><strong>invicem,</strong></span> <span class='ocrx_word' id='word_1_43' title='bbox 235 738 264 783; x_wconf 90' lang='lat' dir='ltr'><strong>et</strong></span> <span class='ocrx_word' id='word_1_44' title='bbox 278 727 312 782; x_wconf 92' lang='lat' dir='ltr'><strong>ad</strong></span> <span class='ocrx_word' id='word_1_45' title='bbox 327 741 411 782; x_wconf 90' lang='lat' dir='ltr'><strong>unum</strong></span> <span class='ocrx_word' id='word_1_46' title='bbox 424 734 452 782; x_wconf 91' lang='lat' dir='ltr'><strong>et</strong></span> <span class='ocrx_word' id='word_1_47' title='bbox 466 724 613 796; x_wconf 86' lang='lat' dir='ltr'><strong>perfectum</strong></span> <span class='ocrx_word' id='word_1_48' title='bbox 629 725 749 779; x_wconf 89' lang='lat' dir='ltr'><strong>omnium</strong></span> <span class='ocrx_word' id='word_1_49' title='bbox 768 723 843 794; x_wconf 90' lang='lat' dir='ltr'><strong>pacis</strong></span> <span class='ocrx_word' id='word_1_50' title='bbox 893 723 1022 779; x_wconf 83' lang='lat' dir='ltr'><strong>Proreuit</strong></span> <span class='ocrx_word' id='word_1_51' title='bbox 1041 724 1113 779; x_wconf 91' lang='lat' dir='ltr'><strong>enim</strong></span> <span class='ocrx_word' id='word_1_52' title='bbox 1135 724 1162 780; x_wconf 92' lang='lat' dir='ltr'><strong>in</strong></span> <span class='ocrx_word' id='word_1_53' title='bbox 1178 727 1285 791; x_wconf 89' lang='lat' dir='ltr'><strong>omnia,</strong></span> <span class='ocrx_word' id='word_1_54' title='bbox 1301 735 1329 780; x_wconf 89' lang='lat' dir='ltr'><strong>et</strong></span> <span class='ocrx_word' id='word_1_55' title='bbox 1344 725 1427 780; x_wconf 80' lang='lat' dir='ltr'><strong>trarlit</strong></span> <span class='ocrx_word' id='word_1_56' title='bbox 1441 727 1566 783; x_wconf 79' lang='lat' dir='ltr'><strong>ouantibus</strong></span> <span class='ocrx_word' id='word_1_57' title='bbox 1580 730 1688 797; x_wconf 78' lang='lat' dir='ltr'><strong>proprie</strong></span> 
     </span>
     <span class='ocr_line' id='line_1_5' title="bbox 51 806 1688 888; baseline -0.005 -16"><span class='ocrx_word' id='word_1_58' title='bbox 51 818 213 888; x_wconf 89' lang='lat' dir='ltr'><strong>principium</strong></span> <span class='ocrx_word' id='word_1_59' title='bbox 233 824 262 872; x_wconf 91' lang='lat' dir='ltr'><strong>et</strong></span> <span class='ocrx_word' id='word_1_60' title='bbox 278 829 389 871; x_wconf 93' lang='lat' dir='ltr'><strong>causam</strong></span> <span class='ocrx_word' id='word_1_61' title='bbox 409 831 417 868; x_wconf 75' lang='grc' dir='ltr'><strong><em>ε</em></strong></span> <span class='ocrx_word' id='word_1_62' title='bbox 439 826 510 884; x_wconf 89' lang='lat' dir='ltr'><strong>quae</strong></span> <span class='ocrx_word' id='word_1_63' title='bbox 533 812 734 884; x_wconf 72' lang='lat' dir='ltr'><strong>impartibiliter</strong></span> <span class='ocrx_word' id='word_1_64' title='bbox 747 826 843 882; x_wconf 90' lang='lat' dir='ltr'><strong>super·</strong></span> <span class='ocrx_word' id='word_1_65' title='bbox 895 806 960 875; x_wconf 87' lang='lat' dir='ltr'><strong>ipsis</strong></span> <span class='ocrx_word' id='word_1_66' title='bbox 981 821 1016 862; x_wconf 84' lang='lat' dir='ltr'><strong>ex</strong></span> <span class='ocrx_word' id='word_1_67' title='bbox 1040 808 1128 876; x_wconf 88' lang='lat' dir='ltr'><strong>seipsa</strong></span> <span class='ocrx_word' id='word_1_68' title='bbox 1152 806 1349 876; x_wconf 68' lang='lat' dir='ltr'><strong>supermanans</strong></span> <span class='ocrx_word' id='word_1_69' title='bbox 1375 810 1532 879; x_wconf 75' lang='lat' dir='ltr'><strong>mangnitudo</strong></span> <span class='ocrx_word' id='word_1_70' title='bbox 1560 811 1688 879; x_wconf 83' lang='lat' dir='ltr'><strong>pacificae</strong></span> 
     </span>
     <span class='ocr_line' id='line_1_6' title="bbox 53 897 1689 973; baseline -0.005 -11"><span class='ocrx_word' id='word_1_71' title='bbox 53 909 163 964; x_wconf 84' lang='lat' dir='ltr'><strong>firmata</strong></span> <span class='ocrx_word' id='word_1_72' title='bbox 184 905 259 971; x_wconf 90' lang='lat' dir='ltr'><strong>totis,</strong></span> <span class='ocrx_word' id='word_1_73' title='bbox 282 903 358 961; x_wconf 87' lang='lat' dir='ltr'><strong>reiut</strong></span> <span class='ocrx_word' id='word_1_74' title='bbox 378 902 540 973; x_wconf 86' lang='lat' dir='ltr'><strong>quibusdam</strong></span> <span class='ocrx_word' id='word_1_75' title='bbox 557 901 684 957; x_wconf 90' lang='lat' dir='ltr'><strong>claustris</strong></span> <span class='ocrx_word' id='word_1_76' title='bbox 696 900 843 956; x_wconf 84' lang='lat' dir='ltr'><strong>diuisorunt</strong></span> <span class='ocrx_word' id='word_1_77' title='bbox 895 897 1093 966; x_wconf 69' lang='lat' dir='ltr'><strong>generationis,</strong></span> <span class='ocrx_word' id='word_1_78' title='bbox 1111 907 1140 953; x_wconf 89' lang='lat' dir='ltr'><strong>et</strong></span> <span class='ocrx_word' id='word_1_79' title='bbox 1164 905 1255 952; x_wconf 90' lang='lat' dir='ltr'><strong>manet</strong></span> <span class='ocrx_word' id='word_1_80' title='bbox 1291 912 1342 966; x_wconf 91' lang='lat' dir='ltr'><strong>per</strong></span> <span class='ocrx_word' id='word_1_81' title='bbox 1364 899 1550 954; x_wconf 84' lang='lat' dir='ltr'><strong>excellentiam</strong></span> <span class='ocrx_word' id='word_1_82' title='bbox 1576 900 1689 954; x_wconf 77' lang='lat' dir='ltr'><strong>sanitatis</strong></span> 
     </span>
     <span class='ocr_line' id='line_1_7' title="bbox 51 987 1686 1059; baseline -0.006 -7"><span class='ocrx_word' id='word_1_83' title='bbox 51 995 269 1053; x_wconf 79' lang='lat' dir='ltr'><strong>convenientiam</strong></span> <span class='ocrx_word' id='word_1_84' title='bbox 290 993 381 1051; x_wconf 91' lang='lat' dir='ltr'><strong>omnia</strong></span> <span class='ocrx_word' id='word_1_85' title='bbox 395 991 536 1059; x_wconf 85' lang='lat' dir='ltr'><strong>terminat,</strong></span> <span class='ocrx_word' id='word_1_86' title='bbox 560 1000 589 1047; x_wconf 92' lang='lat' dir='ltr'><strong>et</strong></span> <span class='ocrx_word' id='word_1_87' title='bbox 610 997 794 1054; x_wconf 90' lang='lat' dir='ltr'><strong>consummat,</strong></span> <span class='ocrx_word' id='word_1_88' title='bbox 819 996 847 1043; x_wconf 91' lang='lat' dir='ltr'><strong>et</strong></span> <span class='ocrx_word' id='word_1_89' title='bbox 895 987 1108 1050; x_wconf 73' lang='lat' dir='ltr'><strong>tenaciorem,</strong></span> <span class='ocrx_word' id='word_1_90' title='bbox 1131 996 1159 1040; x_wconf 90' lang='lat' dir='ltr'><strong>et</strong></span> <span class='ocrx_word' id='word_1_91' title='bbox 1182 999 1231 1055; x_wconf 91' lang='lat' dir='ltr'><strong>per</strong></span> <span class='ocrx_word' id='word_1_92' title='bbox 1253 993 1336 1042; x_wconf 88' lang='lat' dir='ltr'><strong>totam</strong></span> <span class='ocrx_word' id='word_1_93' title='bbox 1352 987 1467 1056; x_wconf 81' lang='lat' dir='ltr'><strong>seipsam</strong></span> <span class='ocrx_word' id='word_1_94' title='bbox 1490 989 1686 1059; x_wconf 85' lang='lat' dir='ltr'><strong>supeurmtant.</strong></span> 
     </span>
    </p>
   </div>
   <div class='ocr_carea' id='block_1_3' title="bbox 51 1075 1689 1242">
    <p class='ocr_par' dir='ltr' id='par_1_3' title="bbox 51 1075 1689 1242">
     <span class='ocr_line' id='line_1_8' title="bbox 52 1075 1689 1154; baseline -0.007 -10"><span class='ocrx_word' id='word_1_95' title='bbox 52 1087 184 1154; x_wconf 85' lang='lat' dir='ltr'><strong>tutiicat,</strong></span> <span class='ocrx_word' id='word_1_96' title='bbox 195 1093 285 1141; x_wconf 92' lang='lat' dir='ltr'><strong>etnon</strong></span> <span class='ocrx_word' id='word_1_97' title='bbox 298 1083 365 1141; x_wconf 90' lang='lat' dir='ltr'><strong>sinit</strong></span> <span class='ocrx_word' id='word_1_98' title='bbox 379 1090 504 1154; x_wconf 85' lang='lat' dir='ltr'><strong>separata</strong></span> <span class='ocrx_word' id='word_1_99' title='bbox 515 1081 631 1137; x_wconf 91' lang='lat' dir='ltr'><strong>fundiad</strong></span> <span class='ocrx_word' id='word_1_100' title='bbox 641 1080 754 1135; x_wconf 89' lang='lat' dir='ltr'><strong>multum</strong></span> <span class='ocrx_word' id='word_1_101' title='bbox 764 1079 844 1136; x_wconf 90' lang='lat' dir='ltr'><strong>etiu-</strong></span> <span class='ocrx_word' id='word_1_102' title='bbox 896 1075 1035 1144; x_wconf 86' lang='lat' dir='ltr'><strong>Qttomodo</strong></span> <span class='ocrx_word' id='word_1_103' title='bbox 1050 1082 1151 1140; x_wconf 73' lang='lat' dir='ltr'><strong>auum,</strong></span> <span class='ocrx_word' id='word_1_104' title='bbox 1166 1075 1265 1130; x_wconf 83' lang='lat' dir='ltr'><strong>dixerit</strong></span> <span class='ocrx_word' id='word_1_105' title='bbox 1286 1075 1357 1145; x_wconf 92' lang='lat' dir='ltr'><strong>quis,</strong></span> <span class='ocrx_word' id='word_1_106' title='bbox 1382 1085 1512 1145; x_wconf 89' lang='lat' dir='ltr'><strong>appetunt</strong></span> <span class='ocrx_word' id='word_1_107' title='bbox 1534 1079 1624 1132; x_wconf 83' lang='lat' dir='ltr'><strong>oraauia</strong></span> <span class='ocrx_word' id='word_1_108' title='bbox 1640 1095 1689 1148; x_wconf 90' lang='lat' dir='ltr'><strong>pa·</strong></span> 
     </span>
     <span class='ocr_line' id='line_1_9' title="bbox 51 1155 1689 1242; baseline -0.005 -11"><span class='ocrx_word' id='word_1_109' title='bbox 51 1174 341 1242; x_wconf 70' lang='lat' dir='ltr'><strong>donominordinata,</strong></span> <span class='ocrx_word' id='word_1_110' title='bbox 352 1180 381 1227; x_wconf 91' lang='lat' dir='ltr'><strong>et</strong></span> <span class='ocrx_word' id='word_1_111' title='bbox 390 1170 563 1236; x_wconf 77' lang='lat' dir='ltr'><strong>incollocata,</strong></span> <span class='ocrx_word' id='word_1_112' title='bbox 573 1168 682 1225; x_wconf 87' lang='lat' dir='ltr'><strong>deserta</strong></span> <span class='ocrx_word' id='word_1_113' title='bbox 695 1168 750 1223; x_wconf 83' lang='lat' dir='ltr'><strong>Deo</strong></span> <span class='ocrx_word' id='word_1_114' title='bbox 762 1166 845 1233; x_wconf 90' lang='lat' dir='ltr'><strong>faeta,</strong></span> <span class='ocrx_word' id='word_1_115' title='bbox 895 1165 973 1221; x_wconf 70' lang='lat' dir='ltr'><strong>ceum</strong></span> <span class='ocrx_word' id='word_1_116' title='bbox 995 1155 1078 1220; x_wconf 80' lang='lat' dir='ltr'><strong>linita</strong></span> <span class='ocrx_word' id='word_1_117' title='bbox 1099 1165 1171 1221; x_wconf 91' lang='lat' dir='ltr'><strong>enim</strong></span> <span class='ocrx_word' id='word_1_118' title='bbox 1191 1164 1329 1221; x_wconf 90' lang='lat' dir='ltr'><strong>alteritate</strong></span> <span class='ocrx_word' id='word_1_119' title='bbox 1341 1173 1368 1220; x_wconf 92' lang='lat' dir='ltr'><strong>et</strong></span> <span class='ocrx_word' id='word_1_120' title='bbox 1381 1166 1545 1221; x_wconf 80' lang='lat' dir='ltr'><strong>discretione</strong></span> <span class='ocrx_word' id='word_1_121' title='bbox 1558 1170 1689 1237; x_wconf 80' lang='lat' dir='ltr'><strong>garmeni,</strong></span> 
     </span>
    </p>
   </div>
   <div class='ocr_carea' id='block_1_4' title="bbox 18 1257 1718 5677">
    <p class='ocr_par' dir='ltr' id='par_1_4' title="bbox 18 1257 1718 3501">
     <span class='ocr_line' id='line_1_10' title="bbox 50 1257 1690 1329; baseline -0.005 -5"><span class='ocrx_word' id='word_1_122' title='bbox 50 1277 78 1324; x_wconf 87' lang='lat' dir='ltr'><strong>et</strong></span> <span class='ocrx_word' id='word_1_123' title='bbox 93 1283 142 1326; x_wconf 84' lang='lat' dir='ltr'><strong>stra</strong></span> <span class='ocrx_word' id='word_1_124' title='bbox 155 1269 260 1325; x_wconf 88' lang='lat' dir='ltr'><strong>unitate</strong></span> <span class='ocrx_word' id='word_1_125' title='bbox 276 1264 422 1329; x_wconf 85' lang='lat' dir='ltr'><strong>exeuntia,</strong></span> <span class='ocrx_word' id='word_1_126' title='bbox 436 1270 464 1319; x_wconf 91' lang='lat' dir='ltr'><strong>et</strong></span> <span class='ocrx_word' id='word_1_127' title='bbox 483 1263 556 1318; x_wconf 90' lang='lat' dir='ltr'><strong>inter</strong></span> <span class='ocrx_word' id='word_1_128' title='bbox 571 1276 602 1317; x_wconf 89' lang='lat' dir='ltr'><strong>se</strong></span> <span class='ocrx_word' id='word_1_129' title='bbox 617 1260 733 1317; x_wconf 75' lang='lat' dir='ltr'><strong>inuicem</strong></span> <span class='ocrx_word' id='word_1_130' title='bbox 751 1260 847 1314; x_wconf 93' lang='lat' dir='ltr'><strong>turbu·</strong></span> <span class='ocrx_word' id='word_1_131' title='bbox 896 1264 924 1311; x_wconf 87' lang='lat' dir='ltr'><strong>et</strong></span> <span class='ocrx_word' id='word_1_132' title='bbox 938 1272 1074 1327; x_wconf 81' lang='lat' dir='ltr'><strong>utinquam</strong></span> <span class='ocrx_word' id='word_1_133' title='bbox 1086 1257 1230 1328; x_wconf 86' lang='lat' dir='ltr'><strong>aliqnando</strong></span> <span class='ocrx_word' id='word_1_134' title='bbox 1243 1257 1387 1313; x_wconf 80' lang='lat' dir='ltr'><strong>habentem</strong></span> <span class='ocrx_word' id='word_1_135' title='bbox 1403 1258 1485 1313; x_wconf 90' lang='lat' dir='ltr'><strong>silere</strong></span> <span class='ocrx_word' id='word_1_136' title='bbox 1498 1259 1641 1315; x_wconf 82' lang='lat' dir='ltr'><strong>uoliterlm.</strong></span> <span class='ocrx_word' id='word_1_137' title='bbox 1658 1262 1690 1315; x_wconf 82' lang='lat' dir='ltr'><strong>Et</strong></span> 
     </span>
     <span class='ocr_line' id='line_1_11' title="bbox 50 1347 1690 1425; baseline -0.005 -11"><span class='ocrx_word' id='word_1_138' title='bbox 50 1359 203 1416; x_wconf 83' lang='lat' dir='ltr'><strong>lentissime</strong></span> <span class='ocrx_word' id='word_1_139' title='bbox 224 1356 347 1415; x_wconf 82' lang='lat' dir='ltr'><strong>conium.</strong></span> <span class='ocrx_word' id='word_1_140' title='bbox 366 1354 405 1410; x_wconf 88' lang='lat' dir='ltr'><strong>Ile</strong></span> <span class='ocrx_word' id='word_1_141' title='bbox 432 1354 484 1409; x_wconf 89' lang='lat' dir='ltr'><strong>hac</strong></span> <span class='ocrx_word' id='word_1_142' title='bbox 503 1351 588 1425; x_wconf 86' lang='lat' dir='ltr'><strong>igitur</strong></span> <span class='ocrx_word' id='word_1_143' title='bbox 607 1352 670 1422; x_wconf 92' lang='lat' dir='ltr'><strong>quia</strong></span> <span class='ocrx_word' id='word_1_144' title='bbox 692 1358 736 1407; x_wconf 92' lang='lat' dir='ltr'><strong>est</strong></span> <span class='ocrx_word' id='word_1_145' title='bbox 754 1349 845 1404; x_wconf 83' lang='lat' dir='ltr'><strong>diuina</strong></span> <span class='ocrx_word' id='word_1_146' title='bbox 896 1348 918 1404; x_wconf 90' lang='lat' dir='ltr'><strong>si</strong></span> <span class='ocrx_word' id='word_1_147' title='bbox 944 1348 1053 1417; x_wconf 90' lang='lat' dir='ltr'><strong>quidem</strong></span> <span class='ocrx_word' id='word_1_148' title='bbox 1074 1347 1236 1404; x_wconf 86' lang='lat' dir='ltr'><strong>alteritatem</strong></span> <span class='ocrx_word' id='word_1_149' title='bbox 1262 1356 1291 1404; x_wconf 90' lang='lat' dir='ltr'><strong>et</strong></span> <span class='ocrx_word' id='word_1_150' title='bbox 1311 1349 1524 1413; x_wconf 84' lang='lat' dir='ltr'><strong>discretionem,</strong></span> <span class='ocrx_word' id='word_1_151' title='bbox 1550 1350 1595 1419; x_wconf 91' lang='lat' dir='ltr'><strong>qui</strong></span> <span class='ocrx_word' id='word_1_152' title='bbox 1622 1353 1690 1406; x_wconf 82' lang='lat' dir='ltr'><strong>iaaac</strong></span> 
     </span>
     <span class='ocr_line' id='line_1_12' title="bbox 50 1439 1689 1518; baseline -0.004 -15"><span class='ocrx_word' id='word_1_153' title='bbox 50 1462 121 1518; x_wconf 80' lang='lat' dir='ltr'><strong>paee</strong></span> <span class='ocrx_word' id='word_1_154' title='bbox 132 1454 161 1503; x_wconf 87' lang='lat' dir='ltr'><strong>et</strong></span> <span class='ocrx_word' id='word_1_155' title='bbox 175 1445 302 1510; x_wconf 70' lang='lat' dir='ltr'><strong>suentio,</strong></span> <span class='ocrx_word' id='word_1_156' title='bbox 317 1445 389 1515; x_wconf 91' lang='lat' dir='ltr'><strong>quod</strong></span> <span class='ocrx_word' id='word_1_157' title='bbox 408 1456 485 1499; x_wconf 89' lang='lat' dir='ltr'><strong>sacer</strong></span> <span class='ocrx_word' id='word_1_158' title='bbox 496 1441 591 1498; x_wconf 82' lang='lat' dir='ltr'><strong>iustus</strong></span> <span class='ocrx_word' id='word_1_159' title='bbox 608 1441 741 1514; x_wconf 64' lang='lat' dir='ltr'><strong>dmrpiim</strong></span> <span class='ocrx_word' id='word_1_160' title='bbox 755 1447 845 1505; x_wconf 84' lang='lat' dir='ltr'><strong>uocat,</strong></span> <span class='ocrx_word' id='word_1_161' title='bbox 896 1439 973 1506; x_wconf 89' lang='lat' dir='ltr'><strong>dicit,</strong></span> <span class='ocrx_word' id='word_1_162' title='bbox 988 1439 1025 1494; x_wconf 90' lang='lat' dir='ltr'><strong>ait</strong></span> <span class='ocrx_word' id='word_1_163' title='bbox 1047 1439 1258 1511; x_wconf 75' lang='lat' dir='ltr'><strong>utriuscujusque</strong></span> <span class='ocrx_word' id='word_1_164' title='bbox 1281 1442 1454 1498; x_wconf 83' lang='lat' dir='ltr'><strong>existentium</strong></span> <span class='ocrx_word' id='word_1_165' title='bbox 1481 1442 1689 1512; x_wconf 84' lang='lat' dir='ltr'><strong>proprietatem.</strong></span> 
     </span>
     <span class='ocr_line' id='line_1_13' title="bbox 49 1528 1690 1604; baseline -0.003 -11"><span class='ocrx_word' id='word_1_166' title='bbox 49 1533 382 1604; x_wconf 61' lang='lat' dir='ltr'><strong>etinomuamlcounitam</strong></span> <span class='ocrx_word' id='word_1_167' title='bbox 394 1530 605 1601; x_wconf 82' lang='lat' dir='ltr'><strong>processionem,</strong></span> <span class='ocrx_word' id='word_1_168' title='bbox 618 1528 845 1591; x_wconf 82' lang='lat' dir='ltr'><strong>immobilitatem,</strong></span> <span class='ocrx_word' id='word_1_169' title='bbox 895 1528 998 1599; x_wconf 92' lang='lat' dir='ltr'><strong>etqnia</strong></span> <span class='ocrx_word' id='word_1_170' title='bbox 1012 1529 1083 1586; x_wconf 90' lang='lat' dir='ltr'><strong>itanc</strong></span> <span class='ocrx_word' id='word_1_171' title='bbox 1103 1530 1276 1585; x_wconf 81' lang='lat' dir='ltr'><strong>existentiam</strong></span> <span class='ocrx_word' id='word_1_172' title='bbox 1297 1531 1399 1585; x_wconf 82' lang='lat' dir='ltr'><strong>utillum</strong></span> <span class='ocrx_word' id='word_1_173' title='bbox 1421 1528 1468 1597; x_wconf 78' lang='lat' dir='ltr'><strong>lla,</strong></span> <span class='ocrx_word' id='word_1_174' title='bbox 1491 1533 1561 1601; x_wconf 89' lang='lat' dir='ltr'><strong>quod</strong></span> <span class='ocrx_word' id='word_1_175' title='bbox 1581 1531 1690 1602; x_wconf 88' lang='lat' dir='ltr'><strong>quidem</strong></span> 
     </span>
     <span class='ocr_line' id='line_1_14' title="bbox 50 1617 1691 1692; baseline -0.004 -10"><span class='ocrx_word' id='word_1_176' title='bbox 50 1635 83 1682; x_wconf 89' lang='lat' dir='ltr'><strong>ut</strong></span> <span class='ocrx_word' id='word_1_177' title='bbox 98 1635 127 1682; x_wconf 90' lang='lat' dir='ltr'><strong>et</strong></span> <span class='ocrx_word' id='word_1_178' title='bbox 142 1624 223 1690; x_wconf 88' lang='lat' dir='ltr'><strong>silet,</strong></span> <span class='ocrx_word' id='word_1_179' title='bbox 241 1633 269 1681; x_wconf 92' lang='lat' dir='ltr'><strong>et</strong></span> <span class='ocrx_word' id='word_1_180' title='bbox 283 1622 421 1679; x_wconf 86' lang='lat' dir='ltr'><strong>silentium</strong></span> <span class='ocrx_word' id='word_1_181' title='bbox 436 1620 532 1686; x_wconf 90' lang='lat' dir='ltr'><strong>ducit,</strong></span> <span class='ocrx_word' id='word_1_182' title='bbox 552 1626 581 1675; x_wconf 92' lang='lat' dir='ltr'><strong>et</strong></span> <span class='ocrx_word' id='word_1_183' title='bbox 594 1625 625 1672; x_wconf 91' lang='lat' dir='ltr'><strong>ut</strong></span> <span class='ocrx_word' id='word_1_184' title='bbox 644 1617 671 1672; x_wconf 90' lang='lat' dir='ltr'><strong>iu</strong></span> <span class='ocrx_word' id='word_1_185' title='bbox 693 1617 798 1687; x_wconf 86' lang='lat' dir='ltr'><strong>seipsa,</strong></span> <span class='ocrx_word' id='word_1_186' title='bbox 819 1622 848 1671; x_wconf 91' lang='lat' dir='ltr'><strong>et</strong></span> <span class='ocrx_word' id='word_1_187' title='bbox 896 1627 947 1679; x_wconf 87' lang='lat' dir='ltr'><strong>cst,</strong></span> <span class='ocrx_word' id='word_1_188' title='bbox 963 1617 1027 1673; x_wconf 84' lang='lat' dir='ltr'><strong>uelit</strong></span> <span class='ocrx_word' id='word_1_189' title='bbox 1041 1617 1185 1688; x_wconf 88' lang='lat' dir='ltr'><strong>aliquando</strong></span> <span class='ocrx_word' id='word_1_190' title='bbox 1198 1618 1322 1689; x_wconf 90' lang='lat' dir='ltr'><strong>perdere,</strong></span> <span class='ocrx_word' id='word_1_191' title='bbox 1337 1635 1391 1673; x_wconf 91' lang='lat' dir='ltr'><strong>non</strong></span> <span class='ocrx_word' id='word_1_192' title='bbox 1404 1620 1527 1676; x_wconf 83' lang='lat' dir='ltr'><strong>fortassis</strong></span> <span class='ocrx_word' id='word_1_193' title='bbox 1541 1636 1628 1692; x_wconf 87' lang='lat' dir='ltr'><strong>neque</strong></span> <span class='ocrx_word' id='word_1_194' title='bbox 1642 1637 1691 1677; x_wconf 83' lang='lat' dir='ltr'><strong>nos</strong></span> 
     </span>
     <span class='ocr_line' id='line_1_15' title="bbox 49 1705 1691 1784; baseline -0.003 -12"><span class='ocrx_word' id='word_1_195' title='bbox 49 1716 126 1772; x_wconf 83' lang='lat' dir='ltr'><strong>lutra</strong></span> <span class='ocrx_word' id='word_1_196' title='bbox 138 1713 256 1784; x_wconf 84' lang='lat' dir='ltr'><strong>seipsam</strong></span> <span class='ocrx_word' id='word_1_197' title='bbox 269 1720 328 1776; x_wconf 90' lang='lat' dir='ltr'><strong>est,</strong></span> <span class='ocrx_word' id='word_1_198' title='bbox 341 1718 369 1768; x_wconf 93' lang='lat' dir='ltr'><strong>et</strong></span> <span class='ocrx_word' id='word_1_199' title='bbox 391 1710 425 1765; x_wconf 89' lang='lat' dir='ltr'><strong>ad</strong></span> <span class='ocrx_word' id='word_1_200' title='bbox 442 1709 560 1779; x_wconf 85' lang='lat' dir='ltr'><strong>seipsam</strong></span> <span class='ocrx_word' id='word_1_201' title='bbox 578 1715 661 1763; x_wconf 90' lang='lat' dir='ltr'><strong>totam</strong></span> <span class='ocrx_word' id='word_1_202' title='bbox 676 1715 732 1762; x_wconf 90' lang='lat' dir='ltr'><strong>tota</strong></span> <span class='ocrx_word' id='word_1_203' title='bbox 753 1720 847 1777; x_wconf 91' lang='lat' dir='ltr'><strong>super·</strong></span> <span class='ocrx_word' id='word_1_204' title='bbox 896 1705 929 1764; x_wconf 87' lang='lat' dir='ltr'><strong>ad</strong></span> <span class='ocrx_word' id='word_1_205' title='bbox 944 1709 996 1764; x_wconf 84' lang='lat' dir='ltr'><strong>lroc</strong></span> <span class='ocrx_word' id='word_1_206' title='bbox 1018 1709 1255 1774; x_wconf 86' lang='lat' dir='ltr'><strong>contradicemus,</strong></span> <span class='ocrx_word' id='word_1_207' title='bbox 1280 1710 1328 1765; x_wconf 90' lang='lat' dir='ltr'><strong>sed</strong></span> <span class='ocrx_word' id='word_1_208' title='bbox 1352 1711 1424 1766; x_wconf 85' lang='lat' dir='ltr'><strong>laune</strong></span> <span class='ocrx_word' id='word_1_209' title='bbox 1446 1712 1521 1780; x_wconf 87' lang='lat' dir='ltr'><strong>pacis</strong></span> <span class='ocrx_word' id='word_1_210' title='bbox 1543 1714 1691 1784; x_wconf 88' lang='lat' dir='ltr'><strong>appetitam</strong></span> 
     </span>
     <span class='ocr_line' id='line_1_16' title="bbox 50 1794 1693 1872; baseline -0.001 -14"><span class='ocrx_word' id='word_1_211' title='bbox 50 1802 160 1867; x_wconf 78' lang='lat' dir='ltr'><strong>saritur,</strong></span> <span class='ocrx_word' id='word_1_212' title='bbox 173 1809 200 1856; x_wconf 92' lang='lat' dir='ltr'><strong>et</strong></span> <span class='ocrx_word' id='word_1_213' title='bbox 213 1813 302 1869; x_wconf 90' lang='lat' dir='ltr'><strong>neque</strong></span> <span class='ocrx_word' id='word_1_214' title='bbox 314 1798 342 1854; x_wconf 92' lang='lat' dir='ltr'><strong>in</strong></span> <span class='ocrx_word' id='word_1_215' title='bbox 357 1797 473 1868; x_wconf 88' lang='lat' dir='ltr'><strong>seipsam</strong></span> <span class='ocrx_word' id='word_1_216' title='bbox 488 1796 610 1861; x_wconf 89' lang='lat' dir='ltr'><strong>intrans,</strong></span> <span class='ocrx_word' id='word_1_217' title='bbox 623 1805 652 1851; x_wconf 92' lang='lat' dir='ltr'><strong>et</strong></span> <span class='ocrx_word' id='word_1_218' title='bbox 665 1794 847 1866; x_wconf 88' lang='lat' dir='ltr'><strong>maltiplieaus</strong></span> <span class='ocrx_word' id='word_1_219' title='bbox 896 1799 1140 1856; x_wconf 83' lang='lat' dir='ltr'><strong>nrauiiestabimus.</strong></span> <span class='ocrx_word' id='word_1_220' title='bbox 1161 1799 1257 1856; x_wconf 84' lang='lat' dir='ltr'><strong>Omnia</strong></span> <span class='ocrx_word' id='word_1_221' title='bbox 1271 1801 1342 1856; x_wconf 89' lang='lat' dir='ltr'><strong>enim</strong></span> <span class='ocrx_word' id='word_1_222' title='bbox 1366 1801 1453 1870; x_wconf 79' lang='lat' dir='ltr'><strong>diligit</strong></span> <span class='ocrx_word' id='word_1_223' title='bbox 1466 1803 1500 1857; x_wconf 90' lang='lat' dir='ltr'><strong>ad</strong></span> <span class='ocrx_word' id='word_1_224' title='bbox 1514 1803 1602 1872; x_wconf 89' lang='lat' dir='ltr'><strong>seipsa</strong></span> <span class='ocrx_word' id='word_1_225' title='bbox 1617 1804 1693 1872; x_wconf 90' lang='lat' dir='ltr'><strong>paci·</strong></span> 
     </span>
     <span class='ocr_line' id='line_1_17' title="bbox 18 1864 1693 1964; baseline -0.003 -14"><span class='ocrx_word' id='word_1_226' title='bbox 18 1876 30 1899; x_wconf 81' lang='lat'><em>&#39;</em></span> <span class='ocrx_word' id='word_1_227' title='bbox 48 1894 187 1964; x_wconf 79' lang='lat' dir='ltr'><strong>seipsam,</strong></span> <span class='ocrx_word' id='word_1_228' title='bbox 200 1891 301 1948; x_wconf 88' lang='lat' dir='ltr'><strong>deserit</strong></span> <span class='ocrx_word' id='word_1_229' title='bbox 319 1904 397 1947; x_wconf 91' lang='lat' dir='ltr'><strong>suam</strong></span> <span class='ocrx_word' id='word_1_230' title='bbox 411 1888 553 1952; x_wconf 86' lang='lat' dir='ltr'><strong>unitatem,</strong></span> <span class='ocrx_word' id='word_1_231' title='bbox 569 1889 616 1944; x_wconf 90' lang='lat' dir='ltr'><strong>sed</strong></span> <span class='ocrx_word' id='word_1_232' title='bbox 637 1898 664 1945; x_wconf 91' lang='lat' dir='ltr'><strong>et</strong></span> <span class='ocrx_word' id='word_1_233' title='bbox 679 1888 803 1959; x_wconf 84' lang='lat' dir='ltr'><strong>provenit</strong></span> <span class='ocrx_word' id='word_1_234' title='bbox 818 1888 844 1943; x_wconf 93' lang='lat' dir='ltr'><strong>iu</strong></span> <span class='ocrx_word' id='word_1_235' title='bbox 863 1864 981 1943; x_wconf 83' lang='lat' dir='ltr'><strong>Bficare</strong></span> <span class='ocrx_word' id='word_1_236' title='bbox 994 1895 1023 1943; x_wconf 92' lang='lat' dir='ltr'><strong>et</strong></span> <span class='ocrx_word' id='word_1_237' title='bbox 1035 1888 1119 1954; x_wconf 92' lang='lat' dir='ltr'><strong>uniri,</strong></span> <span class='ocrx_word' id='word_1_238' title='bbox 1133 1899 1162 1944; x_wconf 91' lang='lat' dir='ltr'><strong>et</strong></span> <span class='ocrx_word' id='word_1_239' title='bbox 1175 1904 1190 1942; x_wconf 90' lang='lat' dir='ltr'><strong>a</strong></span> <span class='ocrx_word' id='word_1_240' title='bbox 1205 1889 1263 1944; x_wconf 89' lang='lat' dir='ltr'><strong>suis</strong></span> <span class='ocrx_word' id='word_1_241' title='bbox 1277 1896 1305 1944; x_wconf 89' lang='lat' dir='ltr'><strong>et</strong></span> <span class='ocrx_word' id='word_1_242' title='bbox 1324 1903 1340 1943; x_wconf 91' lang='lat' dir='ltr'><strong>a</strong></span> <span class='ocrx_word' id='word_1_243' title='bbox 1360 1890 1458 1960; x_wconf 89' lang='lat' dir='ltr'><strong>seipsis</strong></span> <span class='ocrx_word' id='word_1_244' title='bbox 1472 1889 1650 1945; x_wconf 83' lang='lat' dir='ltr'><strong>immutabilia</strong></span> <span class='ocrx_word' id='word_1_245' title='bbox 1666 1901 1693 1946; x_wconf 93' lang='lat' dir='ltr'><strong>et</strong></span> 
     </span>
     <span class='ocr_line' id='line_1_18' title="bbox 53 1976 1692 2052; baseline -0.003 -10"><span class='ocrx_word' id='word_1_246' title='bbox 53 1986 161 2052; x_wconf 89' lang='lat' dir='ltr'><strong>omnia,</strong></span> <span class='ocrx_word' id='word_1_247' title='bbox 177 1984 251 2041; x_wconf 90' lang='lat' dir='ltr'><strong>intua</strong></span> <span class='ocrx_word' id='word_1_248' title='bbox 276 1981 313 2038; x_wconf 91' lang='lat' dir='ltr'><strong>ibi</strong></span> <span class='ocrx_word' id='word_1_249' title='bbox 336 1994 450 2037; x_wconf 86' lang='lat' dir='ltr'><strong>manem</strong></span> <span class='ocrx_word' id='word_1_250' title='bbox 470 1994 520 2051; x_wconf 90' lang='lat' dir='ltr'><strong>per</strong></span> <span class='ocrx_word' id='word_1_251' title='bbox 545 1978 733 2036; x_wconf 85' lang='lat' dir='ltr'><strong>excellentiam</strong></span> <span class='ocrx_word' id='word_1_252' title='bbox 754 1978 847 2034; x_wconf 82' lang='lat' dir='ltr'><strong>omitia</strong></span> <span class='ocrx_word' id='word_1_253' title='bbox 897 1976 1045 2033; x_wconf 84' lang='lat' dir='ltr'><strong>incasualia</strong></span> <span class='ocrx_word' id='word_1_254' title='bbox 1060 1992 1121 2034; x_wconf 87' lang='lat' dir='ltr'><strong>esse</strong></span> <span class='ocrx_word' id='word_1_255' title='bbox 1137 1996 1143 2032; x_wconf 78' lang='grc' dir='ltr'><strong><em>ε</em></strong></span> <span class='ocrx_word' id='word_1_256' title='bbox 1159 1987 1187 2033; x_wconf 92' lang='lat' dir='ltr'><strong>et</strong></span> <span class='ocrx_word' id='word_1_257' title='bbox 1200 1989 1243 2034; x_wconf 87' lang='lat' dir='ltr'><strong>est</strong></span> <span class='ocrx_word' id='word_1_258' title='bbox 1256 1993 1307 2049; x_wconf 89' lang='lat' dir='ltr'><strong>per</strong></span> <span class='ocrx_word' id='word_1_259' title='bbox 1319 1981 1530 2051; x_wconf 85' lang='lat' dir='ltr'><strong>uratarnqnodque</strong></span> <span class='ocrx_word' id='word_1_260' title='bbox 1544 1983 1692 2037; x_wconf 79' lang='lat' dir='ltr'><strong>commixta</strong></span> 
     </span>
     <span class='ocr_line' id='line_1_19' title="bbox 49 2065 1689 2145; baseline -0.005 -13"><span class='ocrx_word' id='word_1_261' title='bbox 49 2073 210 2145; x_wconf 86' lang='lat' dir='ltr'><strong>superantis</strong></span> <span class='ocrx_word' id='word_1_262' title='bbox 230 2072 353 2130; x_wconf 78' lang='lat' dir='ltr'><strong>ueritatis.</strong></span> <span class='ocrx_word' id='word_1_263' title='bbox 376 2070 470 2141; x_wconf 82' lang='lat' dir='ltr'><strong>Neque</strong></span> <span class='ocrx_word' id='word_1_264' title='bbox 494 2069 605 2135; x_wconf 90' lang='lat' dir='ltr'><strong>dicere,</strong></span> <span class='ocrx_word' id='word_1_265' title='bbox 631 2084 719 2139; x_wconf 88' lang='lat' dir='ltr'><strong>neque</strong></span> <span class='ocrx_word' id='word_1_266' title='bbox 751 2067 848 2123; x_wconf 90' lang='lat' dir='ltr'><strong>inteili-</strong></span> <span class='ocrx_word' id='word_1_267' title='bbox 896 2065 1065 2136; x_wconf 89' lang='lat' dir='ltr'><strong>proprietate</strong></span> <span class='ocrx_word' id='word_1_268' title='bbox 1088 2066 1285 2136; x_wconf 88' lang='lat' dir='ltr'><strong>perfectissima</strong></span> <span class='ocrx_word' id='word_1_269' title='bbox 1309 2083 1361 2137; x_wconf 83' lang='lat' dir='ltr'><strong>par</strong></span> <span class='ocrx_word' id='word_1_270' title='bbox 1386 2069 1571 2134; x_wconf 86' lang='lat' dir='ltr'><strong>custoditiva,</strong></span> <span class='ocrx_word' id='word_1_271' title='bbox 1597 2084 1689 2139; x_wconf 90' lang='lat' dir='ltr'><strong>pacem</strong></span> 
     </span>
     <span class='ocr_line' id='line_1_20' title="bbox 48 2155 1692 2239; baseline -0.006 -16"><span class='ocrx_word' id='word_1_272' title='bbox 48 2181 117 2239; x_wconf 85' lang='lat' dir='ltr'><strong>gere</strong></span> <span class='ocrx_word' id='word_1_273' title='bbox 132 2165 240 2221; x_wconf 84' lang='lat' dir='ltr'><strong>cuidam</strong></span> <span class='ocrx_word' id='word_1_274' title='bbox 261 2163 435 2220; x_wconf 85' lang='lat' dir='ltr'><strong>existentium</strong></span> <span class='ocrx_word' id='word_1_275' title='bbox 459 2170 502 2219; x_wconf 89' lang='lat' dir='ltr'><strong>est</strong></span> <span class='ocrx_word' id='word_1_276' title='bbox 521 2162 580 2228; x_wconf 89' lang='lat' dir='ltr'><strong>fas,</strong></span> <span class='ocrx_word' id='word_1_277' title='bbox 594 2176 682 2231; x_wconf 88' lang='lat' dir='ltr'><strong>neque</strong></span> <span class='ocrx_word' id='word_1_278' title='bbox 699 2161 845 2232; x_wconf 89' lang='lat' dir='ltr'><strong>possibile,</strong></span> <span class='ocrx_word' id='word_1_279' title='bbox 897 2155 1062 2217; x_wconf 87' lang='lat' dir='ltr'><strong>donantibus</strong></span> <span class='ocrx_word' id='word_1_280' title='bbox 1075 2156 1132 2211; x_wconf 83' lang='lat' dir='ltr'><strong>suls</strong></span> <span class='ocrx_word' id='word_1_281' title='bbox 1146 2157 1333 2226; x_wconf 72' lang='lat' dir='ltr'><strong>providentiis,</strong></span> <span class='ocrx_word' id='word_1_282' title='bbox 1348 2159 1439 2211; x_wconf 87' lang='lat' dir='ltr'><strong>omma</strong></span> <span class='ocrx_word' id='word_1_283' title='bbox 1454 2158 1651 2226; x_wconf 83' lang='lat' dir='ltr'><strong>latapertnrbata</strong></span> <span class='ocrx_word' id='word_1_284' title='bbox 1664 2169 1692 2214; x_wconf 87' lang='lat' dir='ltr'><strong>et</strong></span> 
     </span>
     <span class='ocr_line' id='line_1_21' title="bbox 49 2242 1692 2330; baseline -0.001 -16"><span class='ocrx_word' id='word_1_285' title='bbox 49 2259 118 2323; x_wconf 86' lang='lat' dir='ltr'><strong>sed,</strong></span> <span class='ocrx_word' id='word_1_286' title='bbox 144 2264 175 2313; x_wconf 92' lang='lat' dir='ltr'><strong>ut</strong></span> <span class='ocrx_word' id='word_1_287' title='bbox 200 2255 336 2313; x_wconf 79' lang='lat' dir='ltr'><strong>famatus</strong></span> <span class='ocrx_word' id='word_1_288' title='bbox 358 2264 386 2312; x_wconf 91' lang='lat' dir='ltr'><strong>et</strong></span> <span class='ocrx_word' id='word_1_289' title='bbox 408 2255 525 2325; x_wconf 87' lang='lat' dir='ltr'><strong>idipsum</strong></span> <span class='ocrx_word' id='word_1_290' title='bbox 547 2265 575 2310; x_wconf 93' lang='lat' dir='ltr'><strong>et</strong></span> <span class='ocrx_word' id='word_1_291' title='bbox 594 2253 846 2325; x_wconf 85' lang='lat' dir='ltr'><strong>irtcognoscibilein</strong></span> <span class='ocrx_word' id='word_1_292' title='bbox 898 2242 1037 2301; x_wconf 82' lang='lat' dir='ltr'><strong>inconfusa</strong></span> <span class='ocrx_word' id='word_1_293' title='bbox 1063 2245 1098 2300; x_wconf 87' lang='lat' dir='ltr'><strong>atl</strong></span> <span class='ocrx_word' id='word_1_294' title='bbox 1127 2255 1200 2300; x_wconf 89' lang='lat' dir='ltr'><strong>tama</strong></span> <span class='ocrx_word' id='word_1_295' title='bbox 1225 2251 1251 2301; x_wconf 83' lang='lat' dir='ltr'><strong>e&#39;t</strong></span> <span class='ocrx_word' id='word_1_296' title='bbox 1275 2246 1308 2300; x_wconf 82' lang='lat' dir='ltr'><strong>ati</strong></span> <span class='ocrx_word' id='word_1_297' title='bbox 1333 2261 1363 2306; x_wconf 85' lang='lat' dir='ltr'><strong>se</strong></span> <span class='ocrx_word' id='word_1_298' title='bbox 1386 2247 1501 2330; x_wconf 63' lang='lat' dir='ltr'><strong>invicem</strong></span> <span class='ocrx_word' id='word_1_299' title='bbox 1527 2247 1646 2313; x_wconf 65' lang='lat' dir='ltr'><strong>salvatis.</strong></span> <span class='ocrx_word' id='word_1_300' title='bbox 1663 2257 1692 2302; x_wconf 92' lang='lat' dir='ltr'><strong>et</strong></span> 
     </span>
     <span class='ocr_line' id='line_1_22' title="bbox 49 2334 1688 2419; baseline -0.006 -17"><span class='ocrx_word' id='word_1_301' title='bbox 49 2348 141 2419; x_wconf 83' lang='lat' dir='ltr'><strong>ipsam</strong></span> <span class='ocrx_word' id='word_1_302' title='bbox 170 2353 350 2418; x_wconf 90' lang='lat' dir='ltr'><strong>reponentes,</strong></span> <span class='ocrx_word' id='word_1_303' title='bbox 379 2353 508 2416; x_wconf 88' lang='lat' dir='ltr'><strong>tanquam</strong></span> <span class='ocrx_word' id='word_1_304' title='bbox 536 2347 657 2400; x_wconf 83' lang='lat' dir='ltr'><strong>omnium</strong></span> <span class='ocrx_word' id='word_1_305' title='bbox 683 2345 846 2401; x_wconf 75' lang='lat' dir='ltr'><strong>existentem</strong></span> <span class='ocrx_word' id='word_1_306' title='bbox 897 2335 987 2389; x_wconf 87' lang='lat' dir='ltr'><strong>onnia</strong></span> <span class='ocrx_word' id='word_1_307' title='bbox 1004 2335 1030 2390; x_wconf 91' lang='lat' dir='ltr'><strong>in</strong></span> <span class='ocrx_word' id='word_1_308' title='bbox 1047 2334 1204 2391; x_wconf 89' lang='lat' dir='ltr'><strong>fortitudine</strong></span> <span class='ocrx_word' id='word_1_309' title='bbox 1225 2344 1253 2392; x_wconf 93' lang='lat' dir='ltr'><strong>et</strong></span> <span class='ocrx_word' id='word_1_310' title='bbox 1276 2335 1414 2392; x_wconf 80' lang='lat' dir='ltr'><strong>irmesibiii</strong></span> <span class='ocrx_word' id='word_1_311' title='bbox 1438 2338 1537 2392; x_wconf 85' lang='lat' dir='ltr'><strong>uirtute</strong></span> <span class='ocrx_word' id='word_1_312' title='bbox 1561 2338 1688 2393; x_wconf 84' lang='lat' dir='ltr'><strong>misnam</strong></span> 
     </span>
     <span class='ocr_line' id='line_1_23' title="bbox 49 2419 1690 2510; baseline -0.002 -24"><span class='ocrx_word' id='word_1_313' title='bbox 49 2442 259 2506; x_wconf 60' lang='lat' dir='ltr'><strong>mmmmm,</strong></span> <span class='ocrx_word' id='word_1_314' title='bbox 284 2440 437 2498; x_wconf 65' lang='lat' dir='ltr'><strong>infgllecipg</strong></span> <span class='ocrx_word' id='word_1_315' title='bbox 458 2439 517 2510; x_wconf 64' lang='lat' dir='ltr'><strong>ejus</strong></span> <span class='ocrx_word' id='word_1_316' title='bbox 539 2447 568 2495; x_wconf 69' lang='lat' dir='ltr'><strong>et</strong></span> <span class='ocrx_word' id='word_1_317' title='bbox 588 2419 676 2494; x_wconf 60' lang='lat' dir='ltr'><strong>diplas</strong></span> <span class='ocrx_word' id='word_1_318' title='bbox 698 2437 846 2509; x_wconf 68' lang='lat' dir='ltr'><strong>pppgigipga.</strong></span> <span class='ocrx_word' id='word_1_319' title='bbox 898 2440 991 2493; x_wconf 63' lang='lat' dir='ltr'><strong>{lacem</strong></span> <span class='ocrx_word' id='word_1_320' title='bbox 1014 2435 1042 2480; x_wconf 78' lang='grc' dir='ltr'><strong>θῑ</strong></span> <span class='ocrx_word' id='word_1_321' title='bbox 1066 2426 1286 2497; x_wconf 76' lang='lat' dir='ltr'><strong>lrantpttillitaleut</strong></span> <span class='ocrx_word' id='word_1_322' title='bbox 1315 2433 1445 2484; x_wconf 61' lang='lat' dir='ltr'><strong>bibims·</strong></span> <span class='ocrx_word' id='word_1_323' title='bbox 1481 2428 1583 2484; x_wconf 68' lang='lat' dir='ltr'><strong>Deinde</strong></span> <span class='ocrx_word' id='word_1_324' title='bbox 1617 2437 1690 2484; x_wconf 62' lang='lat' dir='ltr'><strong>mom</strong></span> 
     </span>
     <span class='ocr_line' id='line_1_24' title="bbox 50 2511 1689 2603; baseline -0.002 -23"><span class='ocrx_word' id='word_1_325' title='bbox 50 2533 153 2596; x_wconf 69' lang='lat' dir='ltr'><strong>aiones,</strong></span> <span class='ocrx_word' id='word_1_326' title='bbox 167 2540 196 2588; x_wconf 71' lang='lat' dir='ltr'><strong>et</strong></span> <span class='ocrx_word' id='word_1_327' title='bbox 213 2532 276 2598; x_wconf 71' lang='lat' dir='ltr'><strong>troo,</strong></span> <span class='ocrx_word' id='word_1_328' title='bbox 302 2540 333 2587; x_wconf 83' lang='lat' dir='ltr'><strong>m</strong></span> <span class='ocrx_word' id='word_1_329' title='bbox 353 2529 482 2603; x_wconf 58' lang='lat' dir='ltr'><strong>punibile</strong></span> <span class='ocrx_word' id='word_1_330' title='bbox 500 2529 566 2585; x_wconf 71' lang='lat' dir='ltr'><strong>atria</strong></span> <span class='ocrx_word' id='word_1_331' title='bbox 588 2538 616 2586; x_wconf 68' lang='lat' dir='ltr'><strong>nr</strong></span> <span class='ocrx_word' id='word_1_332' title='bbox 639 2529 717 2587; x_wconf 67' lang='lat' dir='ltr'><strong>nahts</strong></span> <span class='ocrx_word' id='word_1_333' title='bbox 727 2543 743 2584; x_wconf 70' lang='lat' dir='ltr'><strong>n</strong></span> <span class='ocrx_word' id='word_1_334' title='bbox 755 2528 848 2585; x_wconf 65' lang='lat' dir='ltr'><strong>mutere</strong></span> <span class='ocrx_word' id='word_1_335' title='bbox 898 2519 989 2574; x_wconf 90' lang='lat' dir='ltr'><strong>omnia</strong></span> <span class='ocrx_word' id='word_1_336' title='bbox 1003 2533 1056 2574; x_wconf 92' lang='lat' dir='ltr'><strong>non</strong></span> <span class='ocrx_word' id='word_1_337' title='bbox 1069 2518 1161 2588; x_wconf 90' lang='lat' dir='ltr'><strong>silere,</strong></span> <span class='ocrx_word' id='word_1_338' title='bbox 1176 2521 1224 2576; x_wconf 90' lang='lat' dir='ltr'><strong>sed</strong></span> <span class='ocrx_word' id='word_1_339' title='bbox 1237 2521 1339 2577; x_wconf 85' lang='lat' dir='ltr'><strong>moveri</strong></span> <span class='ocrx_word' id='word_1_340' title='bbox 1355 2511 1465 2590; x_wconf 87' lang='lat' dir='ltr'><strong>semper</strong></span> <span class='ocrx_word' id='word_1_341' title='bbox 1478 2535 1571 2576; x_wconf 81' lang='lat' dir='ltr'><strong>eoram</strong></span> <span class='ocrx_word' id='word_1_342' title='bbox 1587 2530 1689 2576; x_wconf 90' lang='lat' dir='ltr'><strong>motum</strong></span> 
     </span>
     <span class='ocr_line' id='line_1_25' title="bbox 48 2609 1691 2694; baseline -0.004 -15"><span class='ocrx_word' id='word_1_343' title='bbox 48 2622 164 2694; x_wconf 84' lang='lat' dir='ltr'><strong>optimis</strong></span> <span class='ocrx_word' id='word_1_344' title='bbox 192 2622 295 2680; x_wconf 90' lang='lat' dir='ltr'><strong>relictis</strong></span> <span class='ocrx_word' id='word_1_345' title='bbox 315 2621 598 2693; x_wconf 89' lang='lat' dir='ltr'><strong>superspeculabimur</strong></span> <span class='ocrx_word' id='word_1_346' title='bbox 625 2622 645 2676; x_wconf 86' lang='lat'><strong>¹.</strong></span> <span class='ocrx_word' id='word_1_347' title='bbox 670 2622 705 2677; x_wconf 87' lang='lat' dir='ltr'><strong>iit</strong></span> <span class='ocrx_word' id='word_1_348' title='bbox 729 2620 846 2691; x_wconf 93' lang='lat' dir='ltr'><strong>primum</strong></span> <span class='ocrx_word' id='word_1_349' title='bbox 898 2609 965 2665; x_wconf 67' lang='lat' dir='ltr'><strong>iiiii·</strong></span> <span class='ocrx_word' id='word_1_350' title='bbox 988 2610 1025 2665; x_wconf 77' lang='lat' dir='ltr'><strong>El</strong></span> <span class='ocrx_word' id='word_1_351' title='bbox 1046 2610 1098 2665; x_wconf 75' lang='lat'><strong>¹¹⁰0</strong></span> <span class='ocrx_word' id='word_1_352' title='bbox 1122 2611 1257 2681; x_wconf 65' lang='lat' dir='ltr'><strong>appellius</strong></span> <span class='ocrx_word' id='word_1_353' title='bbox 1280 2620 1324 2668; x_wconf 74' lang='lat' dir='ltr'><strong>eti</strong></span> <span class='ocrx_word' id='word_1_354' title='bbox 1347 2611 1454 2667; x_wconf 70' lang='lat' dir='ltr'><strong>divinae</strong></span> <span class='ocrx_word' id='word_1_355' title='bbox 1468 2611 1589 2666; x_wconf 84' lang='lat' dir='ltr'><strong>ommam</strong></span> <span class='ocrx_word' id='word_1_356' title='bbox 1604 2612 1691 2682; x_wconf 61' lang='lat' dir='ltr'><strong>paci-t.</strong></span> 
     </span>
     <span class='ocr_line' id='line_1_26' title="bbox 48 2701 1692 2783; baseline -0.005 -19"><span class='ocrx_word' id='word_1_357' title='bbox 48 2712 165 2783; x_wconf 91' lang='lat' dir='ltr'><strong>quidem</strong></span> <span class='ocrx_word' id='word_1_358' title='bbox 183 2712 236 2769; x_wconf 86' lang='lat' dir='ltr'><strong>lanc</strong></span> <span class='ocrx_word' id='word_1_359' title='bbox 251 2712 409 2773; x_wconf 91' lang='lat' dir='ltr'><strong>dicendum,</strong></span> <span class='ocrx_word' id='word_1_360' title='bbox 424 2712 488 2782; x_wconf 91' lang='lat' dir='ltr'><strong>quia</strong></span> <span class='ocrx_word' id='word_1_361' title='bbox 509 2725 558 2781; x_wconf 92' lang='lat' dir='ltr'><strong>per</strong></span> <span class='ocrx_word' id='word_1_362' title='bbox 582 2711 699 2782; x_wconf 91' lang='lat' dir='ltr'><strong>seipsam</strong></span> <span class='ocrx_word' id='word_1_363' title='bbox 713 2711 806 2781; x_wconf 90' lang='lat' dir='ltr'><strong>pacis,</strong></span> <span class='ocrx_word' id='word_1_364' title='bbox 820 2722 848 2766; x_wconf 90' lang='lat' dir='ltr'><strong>et</strong></span> <span class='ocrx_word' id='word_1_365' title='bbox 897 2702 989 2760; x_wconf 90' lang='lat' dir='ltr'><strong>omnia</strong></span> <span class='ocrx_word' id='word_1_366' title='bbox 1014 2703 1041 2758; x_wconf 90' lang='lat' dir='ltr'><strong>in</strong></span> <span class='ocrx_word' id='word_1_367' title='bbox 1063 2701 1161 2772; x_wconf 89' lang='lat' dir='ltr'><strong>seipsis</strong></span> <span class='ocrx_word' id='word_1_368' title='bbox 1185 2703 1333 2758; x_wconf 85' lang='lat' dir='ltr'><strong>incasualia</strong></span> <span class='ocrx_word' id='word_1_369' title='bbox 1358 2702 1504 2767; x_wconf 79' lang='lat' dir='ltr'><strong>saltantis,</strong></span> <span class='ocrx_word' id='word_1_370' title='bbox 1529 2711 1557 2758; x_wconf 90' lang='lat' dir='ltr'><strong>et</strong></span> <span class='ocrx_word' id='word_1_371' title='bbox 1572 2704 1692 2757; x_wconf 89' lang='lat' dir='ltr'><strong>omniruu</strong></span> 
     </span>
     <span class='ocr_line' id='line_1_27' title="bbox 51 2793 1690 2873; baseline -0.007 -15"><span class='ocrx_word' id='word_1_372' title='bbox 51 2803 149 2864; x_wconf 86' lang='lat' dir='ltr'><strong>totius,</strong></span> <span class='ocrx_word' id='word_1_373' title='bbox 167 2813 194 2860; x_wconf 90' lang='lat' dir='ltr'><strong>et</strong></span> <span class='ocrx_word' id='word_1_374' title='bbox 209 2816 259 2873; x_wconf 93' lang='lat' dir='ltr'><strong>per</strong></span> <span class='ocrx_word' id='word_1_375' title='bbox 279 2802 500 2873; x_wconf 89' lang='lat' dir='ltr'><strong>unumquodque,</strong></span> <span class='ocrx_word' id='word_1_376' title='bbox 515 2810 559 2857; x_wconf 89' lang='lat' dir='ltr'><strong>est</strong></span> <span class='ocrx_word' id='word_1_377' title='bbox 570 2800 732 2866; x_wconf 88' lang='lat' dir='ltr'><strong>substantia,</strong></span> <span class='ocrx_word' id='word_1_378' title='bbox 743 2807 770 2856; x_wconf 91' lang='lat' dir='ltr'><strong>et</strong></span> <span class='ocrx_word' id='word_1_379' title='bbox 783 2800 846 2870; x_wconf 93' lang='lat' dir='ltr'><strong>quia</strong></span> <span class='ocrx_word' id='word_1_380' title='bbox 898 2804 1033 2853; x_wconf 90' lang='lat' dir='ltr'><strong>motorum</strong></span> <span class='ocrx_word' id='word_1_381' title='bbox 1049 2795 1239 2867; x_wconf 88' lang='lat' dir='ltr'><strong>proprietatem</strong></span> <span class='ocrx_word' id='word_1_382' title='bbox 1254 2803 1284 2849; x_wconf 94' lang='lat' dir='ltr'><strong>ct</strong></span> <span class='ocrx_word' id='word_1_383' title='bbox 1296 2794 1424 2849; x_wconf 78' lang='lat' dir='ltr'><strong>motivam</strong></span> <span class='ocrx_word' id='word_1_384' title='bbox 1444 2794 1542 2856; x_wconf 85' lang='lat' dir='ltr'><strong>uitam,</strong></span> <span class='ocrx_word' id='word_1_385' title='bbox 1563 2793 1690 2847; x_wconf 89' lang='lat' dir='ltr'><strong>imnurta·</strong></span> 
     </span>
     <span class='ocr_line' id='line_1_28' title="bbox 48 2883 1692 2964; baseline -0.007 -16"><span class='ocrx_word' id='word_1_386' title='bbox 48 2894 146 2949; x_wconf 74' lang='lat' dir='ltr'><strong>omnia</strong></span> <span class='ocrx_word' id='word_1_387' title='bbox 161 2894 196 2949; x_wconf 89' lang='lat' dir='ltr'><strong>ad</strong></span> <span class='ocrx_word' id='word_1_388' title='bbox 219 2893 377 2950; x_wconf 77' lang='lat' dir='ltr'><strong>seinvicem</strong></span> <span class='ocrx_word' id='word_1_389' title='bbox 393 2900 580 2963; x_wconf 84' lang='lat' dir='ltr'><strong>contemperat</strong></span> <span class='ocrx_word' id='word_1_390' title='bbox 605 2906 653 2964; x_wconf 90' lang='lat' dir='ltr'><strong>per</strong></span> <span class='ocrx_word' id='word_1_391' title='bbox 677 2892 846 2949; x_wconf 78' lang='lat' dir='ltr'><strong>inconfusam</strong></span> <span class='ocrx_word' id='word_1_392' title='bbox 898 2888 977 2943; x_wconf 89' lang='lat' dir='ltr'><strong>bilem</strong></span> <span class='ocrx_word' id='word_1_393' title='bbox 992 2896 1020 2943; x_wconf 91' lang='lat' dir='ltr'><strong>et</strong></span> <span class='ocrx_word' id='word_1_394' title='bbox 1037 2885 1201 2942; x_wconf 89' lang='lat' dir='ltr'><strong>incasualem</strong></span> <span class='ocrx_word' id='word_1_395' title='bbox 1216 2884 1403 2950; x_wconf 87' lang='lat' dir='ltr'><strong>custodientis,</strong></span> <span class='ocrx_word' id='word_1_396' title='bbox 1419 2885 1446 2940; x_wconf 92' lang='lat' dir='ltr'><strong>in</strong></span> <span class='ocrx_word' id='word_1_397' title='bbox 1462 2893 1535 2939; x_wconf 90' lang='lat' dir='ltr'><strong>mota</strong></span> <span class='ocrx_word' id='word_1_398' title='bbox 1550 2883 1584 2937; x_wconf 90' lang='lat' dir='ltr'><strong>ad</strong></span> <span class='ocrx_word' id='word_1_399' title='bbox 1599 2897 1629 2939; x_wconf 88' lang='lat' dir='ltr'><strong>se</strong></span> <span class='ocrx_word' id='word_1_400' title='bbox 1644 2898 1692 2952; x_wconf 83' lang='lat' dir='ltr'><strong>pa·</strong></span> 
     </span>
     <span class='ocr_line' id='line_1_29' title="bbox 47 2974 1690 3052; baseline -0.007 -15"><span class='ocrx_word' id='word_1_401' title='bbox 47 2982 307 3046; x_wconf 78' lang='lat' dir='ltr'><strong>communitatem,</strong></span> <span class='ocrx_word' id='word_1_402' title='bbox 325 2996 466 3052; x_wconf 89' lang='lat' dir='ltr'><strong>perquam</strong></span> <span class='ocrx_word' id='word_1_403' title='bbox 485 2979 701 3050; x_wconf 85' lang='lat' dir='ltr'><strong>inseparabiliter</strong></span> <span class='ocrx_word' id='word_1_404' title='bbox 713 2982 787 3036; x_wconf 89' lang='lat' dir='ltr'><strong>truita</strong></span> <span class='ocrx_word' id='word_1_405' title='bbox 800 3020 808 3045; x_wconf 93' lang='lat'><strong>,</strong></span> <span class='ocrx_word' id='word_1_406' title='bbox 819 2988 848 3037; x_wconf 90' lang='lat' dir='ltr'><strong>et</strong></span> <span class='ocrx_word' id='word_1_407' title='bbox 899 2976 1045 3042; x_wconf 88' lang='lat' dir='ltr'><strong>eilicamiu,</strong></span> <span class='ocrx_word' id='word_1_408' title='bbox 1056 2985 1085 3034; x_wconf 91' lang='lat' dir='ltr'><strong>et</strong></span> <span class='ocrx_word' id='word_1_409' title='bbox 1097 2977 1179 3033; x_wconf 91' lang='lat' dir='ltr'><strong>sicsic</strong></span> <span class='ocrx_word' id='word_1_410' title='bbox 1203 2975 1340 3041; x_wconf 84' lang='lat' dir='ltr'><strong>babentia,</strong></span> <span class='ocrx_word' id='word_1_411' title='bbox 1356 2974 1459 3046; x_wconf 89' lang='lat' dir='ltr'><strong>agendo</strong></span> <span class='ocrx_word' id='word_1_412' title='bbox 1472 2989 1541 3044; x_wconf 88' lang='lat' dir='ltr'><strong>quae</strong></span> <span class='ocrx_word' id='word_1_413' title='bbox 1555 2989 1604 3029; x_wconf 90' lang='lat' dir='ltr'><strong>sua</strong></span> <span class='ocrx_word' id='word_1_414' title='bbox 1617 2985 1690 3029; x_wconf 90' lang='lat' dir='ltr'><strong>sum.</strong></span> 
     </span>
     <span class='ocr_line' id='line_1_30' title="bbox 47 3065 1690 3144; baseline -0.005 -16"><span class='ocrx_word' id='word_1_415' title='bbox 47 3071 219 3129; x_wconf 84' lang='lat' dir='ltr'><strong>indistanter</strong></span> <span class='ocrx_word' id='word_1_416' title='bbox 233 3087 319 3144; x_wconf 88' lang='lat' dir='ltr'><strong>aeque</strong></span> <span class='ocrx_word' id='word_1_417' title='bbox 332 3071 462 3144; x_wconf 90' lang='lat' dir='ltr'><strong>perfecta,</strong></span> <span class='ocrx_word' id='word_1_418' title='bbox 478 3071 625 3128; x_wconf 87' lang='lat' dir='ltr'><strong>secundum</strong></span> <span class='ocrx_word' id='word_1_419' title='bbox 639 3072 777 3142; x_wconf 87' lang='lat' dir='ltr'><strong>propriam</strong></span> <span class='ocrx_word' id='word_1_420' title='bbox 792 3070 847 3126; x_wconf 91' lang='lat' dir='ltr'><strong>sin·</strong></span> <span class='ocrx_word' id='word_1_421' title='bbox 900 3067 929 3123; x_wconf 87' lang='lat' dir='ltr'><strong>Sl</strong></span> <span class='ocrx_word' id='word_1_422' title='bbox 941 3065 1031 3124; x_wconf 86' lang='lat' dir='ltr'><strong>etitem</strong></span> <span class='ocrx_word' id='word_1_423' title='bbox 1049 3070 1196 3125; x_wconf 85' lang='lat' dir='ltr'><strong>secundum</strong></span> <span class='ocrx_word' id='word_1_424' title='bbox 1210 3081 1302 3124; x_wconf 90' lang='lat' dir='ltr'><strong>casnm</strong></span> <span class='ocrx_word' id='word_1_425' title='bbox 1317 3067 1392 3138; x_wconf 86' lang='lat' dir='ltr'><strong>pacis</strong></span> <span class='ocrx_word' id='word_1_426' title='bbox 1405 3066 1569 3123; x_wconf 87' lang='lat' dir='ltr'><strong>alteritatem</strong></span> <span class='ocrx_word' id='word_1_427' title='bbox 1585 3067 1690 3126; x_wconf 89' lang='lat' dir='ltr'><strong>dicens,</strong></span> 
     </span>
     <span class='ocr_line' id='line_1_31' title="bbox 45 3157 1692 3233; baseline -0.002 -18"><span class='ocrx_word' id='word_1_428' title='bbox 45 3160 115 3233; x_wconf 85' lang='lat' dir='ltr'><strong>gula</strong></span> <span class='ocrx_word' id='word_1_429' title='bbox 156 3161 274 3232; x_wconf 85' lang='lat' dir='ltr'><strong>speeiem</strong></span> <span class='ocrx_word' id='word_1_430' title='bbox 308 3162 422 3225; x_wconf 88' lang='lat' dir='ltr'><strong>statuit,</strong></span> <span class='ocrx_word' id='word_1_431' title='bbox 451 3176 505 3216; x_wconf 92' lang='lat' dir='ltr'><strong>non</strong></span> <span class='ocrx_word' id='word_1_432' title='bbox 546 3159 770 3230; x_wconf 87' lang='lat' dir='ltr'><strong>superobscurata</strong></span> <span class='ocrx_word' id='word_1_433' title='bbox 800 3176 848 3231; x_wconf 91' lang='lat' dir='ltr'><strong>per</strong></span> <span class='ocrx_word' id='word_1_434' title='bbox 900 3158 1105 3214; x_wconf 89' lang='lat' dir='ltr'><strong>confirmatnou</strong></span> <span class='ocrx_word' id='word_1_435' title='bbox 1121 3174 1181 3215; x_wconf 90' lang='lat' dir='ltr'><strong>esse</strong></span> <span class='ocrx_word' id='word_1_436' title='bbox 1194 3159 1320 3214; x_wconf 90' lang='lat' dir='ltr'><strong>omuibus</strong></span> <span class='ocrx_word' id='word_1_437' title='bbox 1332 3157 1475 3213; x_wconf 91' lang='lat' dir='ltr'><strong>amabilem</strong></span> <span class='ocrx_word' id='word_1_438' title='bbox 1487 3169 1593 3228; x_wconf 89' lang='lat' dir='ltr'><strong>pacem,</strong></span> <span class='ocrx_word' id='word_1_439' title='bbox 1605 3158 1692 3228; x_wconf 86' lang='lat' dir='ltr'><strong>magis</strong></span> 
     </span>
     <span class='ocr_line' id='line_1_32' title="bbox 45 3247 1718 3323; baseline -0.004 -17"><span class='ocrx_word' id='word_1_440' title='bbox 45 3251 203 3306; x_wconf 80' lang='lat' dir='ltr'><strong>misturam</strong></span> <span class='ocrx_word' id='word_1_441' title='bbox 227 3250 261 3306; x_wconf 90' lang='lat' dir='ltr'><strong>ad</strong></span> <span class='ocrx_word' id='word_1_442' title='bbox 292 3251 416 3323; x_wconf 90' lang='lat' dir='ltr'><strong>opposita</strong></span> <span class='ocrx_word' id='word_1_443' title='bbox 440 3250 588 3320; x_wconf 82' lang='lat' dir='ltr'><strong>quidquam</strong></span> <span class='ocrx_word' id='word_1_444' title='bbox 616 3248 765 3305; x_wconf 86' lang='lat' dir='ltr'><strong>obcaecant</strong></span> <span class='ocrx_word' id='word_1_445' title='bbox 788 3250 848 3305; x_wconf 91' lang='lat' dir='ltr'><strong>uni-</strong></span> <span class='ocrx_word' id='word_1_446' title='bbox 899 3250 1008 3321; x_wconf 91' lang='lat' dir='ltr'><strong>quidem</strong></span> <span class='ocrx_word' id='word_1_447' title='bbox 1024 3249 1275 3305; x_wconf 83' lang='lat' dir='ltr'><strong>nibilexistentlnm</strong></span> <span class='ocrx_word' id='word_1_448' title='bbox 1287 3262 1357 3314; x_wconf 86' lang='lat' dir='ltr'><strong>esse,</strong></span> <span class='ocrx_word' id='word_1_449' title='bbox 1367 3247 1439 3319; x_wconf 92' lang='lat' dir='ltr'><strong>quod</strong></span> <span class='ocrx_word' id='word_1_450' title='bbox 1452 3248 1487 3301; x_wconf 94' lang='lat' dir='ltr'><strong>ab</strong></span> <span class='ocrx_word' id='word_1_451' title='bbox 1497 3247 1570 3302; x_wconf 90' lang='lat' dir='ltr'><strong>omui</strong></span> <span class='ocrx_word' id='word_1_452' title='bbox 1583 3248 1718 3318; x_wconf 61' lang='lat' dir='ltr'><strong>penitusv</strong></span> 
     </span>
     <span class='ocr_line' id='line_1_33' title="bbox 44 3339 1693 3413; baseline -0.003 -16"><span class='ocrx_word' id='word_1_453' title='bbox 44 3342 134 3398; x_wconf 87' lang='lat' dir='ltr'><strong>tricis</strong></span> <span class='ocrx_word' id='word_1_454' title='bbox 154 3341 309 3413; x_wconf 87' lang='lat' dir='ltr'><strong>diligentiae</strong></span> <span class='ocrx_word' id='word_1_455' title='bbox 330 3351 358 3397; x_wconf 90' lang='lat' dir='ltr'><strong>et</strong></span> <span class='ocrx_word' id='word_1_456' title='bbox 378 3341 516 3412; x_wconf 88' lang='lat' dir='ltr'><strong>puritatis.</strong></span> <span class='ocrx_word' id='word_1_457' title='bbox 540 3340 626 3397; x_wconf 89' lang='lat' dir='ltr'><strong>Unam</strong></span> <span class='ocrx_word' id='word_1_458' title='bbox 653 3341 736 3411; x_wconf 85' lang='lat' dir='ltr'><strong>igitur</strong></span> <span class='ocrx_word' id='word_1_459' title='bbox 760 3354 847 3409; x_wconf 91' lang='lat' dir='ltr'><strong>quau·</strong></span> <span class='ocrx_word' id='word_1_460' title='bbox 899 3340 1003 3396; x_wconf 90' lang='lat' dir='ltr'><strong>unitate</strong></span> <span class='ocrx_word' id='word_1_461' title='bbox 1027 3340 1135 3397; x_wconf 88' lang='lat' dir='ltr'><strong>cecidit.</strong></span> <span class='ocrx_word' id='word_1_462' title='bbox 1171 3340 1248 3408; x_wconf 84' lang='lat' dir='ltr'><strong>Quod</strong></span> <span class='ocrx_word' id='word_1_463' title='bbox 1275 3340 1348 3395; x_wconf 90' lang='lat' dir='ltr'><strong>enim</strong></span> <span class='ocrx_word' id='word_1_464' title='bbox 1375 3339 1486 3394; x_wconf 91' lang='lat' dir='ltr'><strong>omniuo</strong></span> <span class='ocrx_word' id='word_1_465' title='bbox 1513 3339 1638 3395; x_wconf 88' lang='lat' dir='ltr'><strong>instabile</strong></span> <span class='ocrx_word' id='word_1_466' title='bbox 1665 3349 1693 3392; x_wconf 89' lang='lat' dir='ltr'><strong>et</strong></span> 
     </span>
     <span class='ocr_line' id='line_1_34' title="bbox 44 3428 1688 3501; baseline -0.003 -14"><span class='ocrx_word' id='word_1_467' title='bbox 44 3431 118 3488; x_wconf 82' lang='lat' dir='ltr'><strong>dam</strong></span> <span class='ocrx_word' id='word_1_468' title='bbox 134 3439 162 3487; x_wconf 88' lang='lat' dir='ltr'><strong>et</strong></span> <span class='ocrx_word' id='word_1_469' title='bbox 179 3429 303 3501; x_wconf 87' lang='lat' dir='ltr'><strong>simplam</strong></span> <span class='ocrx_word' id='word_1_470' title='bbox 322 3429 451 3500; x_wconf 87' lang='lat' dir='ltr'><strong>pacificae</strong></span> <span class='ocrx_word' id='word_1_471' title='bbox 472 3428 585 3485; x_wconf 91' lang='lat' dir='ltr'><strong>unitatis</strong></span> <span class='ocrx_word' id='word_1_472' title='bbox 605 3428 848 3499; x_wconf 86' lang='lat' dir='ltr'><strong>contemplabimur</strong></span> <span class='ocrx_word' id='word_1_473' title='bbox 899 3431 1025 3497; x_wconf 84' lang='lat' dir='ltr'><strong>maritum,</strong></span> <span class='ocrx_word' id='word_1_474' title='bbox 1036 3438 1066 3486; x_wconf 90' lang='lat' dir='ltr'><strong>et</strong></span> <span class='ocrx_word' id='word_1_475' title='bbox 1075 3430 1275 3497; x_wconf 86' lang='lat' dir='ltr'><strong>incollocatum,</strong></span> <span class='ocrx_word' id='word_1_476' title='bbox 1290 3438 1318 3485; x_wconf 91' lang='lat' dir='ltr'><strong>et</strong></span> <span class='ocrx_word' id='word_1_477' title='bbox 1334 3428 1479 3494; x_wconf 77' lang='lat' dir='ltr'><strong>infinitum,</strong></span> <span class='ocrx_word' id='word_1_478' title='bbox 1493 3443 1580 3500; x_wconf 89' lang='lat' dir='ltr'><strong>neque</strong></span> <span class='ocrx_word' id='word_1_479' title='bbox 1594 3428 1623 3485; x_wconf 78' lang='lat' dir='ltr'><strong>ris</strong></span> <span class='ocrx_word' id='word_1_480' title='bbox 1636 3438 1688 3490; x_wconf 83' lang='lat' dir='ltr'><strong>est,</strong></span> 
     </span>
    </p>

    <p class='ocr_par' dir='ltr' id='par_1_5' title="bbox 42 3517 1702 4138">
     <span class='ocr_line' id='line_1_35' title="bbox 42 3517 1691 3592; baseline -0.005 -13"><span class='ocrx_word' id='word_1_481' title='bbox 42 3529 192 3586; x_wconf 78' lang='lat' dir='ltr'><strong>neutram,</strong></span> <span class='ocrx_word' id='word_1_482' title='bbox 217 3521 386 3592; x_wconf 83' lang='lat' dir='ltr'><strong>copulantem</strong></span> <span class='ocrx_word' id='word_1_483' title='bbox 412 3534 508 3576; x_wconf 91' lang='lat' dir='ltr'><strong>omnes</strong></span> <span class='ocrx_word' id='word_1_484' title='bbox 528 3518 633 3584; x_wconf 90' lang='lat' dir='ltr'><strong>sibi,et</strong></span> <span class='ocrx_word' id='word_1_485' title='bbox 653 3518 845 3589; x_wconf 89' lang='lat' dir='ltr'><strong>sibimetipsis,</strong></span> <span class='ocrx_word' id='word_1_486' title='bbox 899 3521 1034 3589; x_wconf 82' lang='lat' dir='ltr'><strong>usquein</strong></span> <span class='ocrx_word' id='word_1_487' title='bbox 1060 3520 1250 3576; x_wconf 85' lang='lat' dir='ltr'><strong>existentibus.</strong></span> <span class='ocrx_word' id='word_1_488' title='bbox 1273 3517 1302 3574; x_wconf 81' lang='lat' dir='ltr'><strong>st</strong></span> <span class='ocrx_word' id='word_1_489' title='bbox 1328 3526 1417 3573; x_wconf 91' lang='lat' dir='ltr'><strong>autem</strong></span> <span class='ocrx_word' id='word_1_490' title='bbox 1442 3518 1509 3573; x_wconf 87' lang='lat' dir='ltr'><strong>tales</strong></span> <span class='ocrx_word' id='word_1_491' title='bbox 1533 3519 1570 3572; x_wconf 90' lang='lat' dir='ltr'><strong>ait</strong></span> <span class='ocrx_word' id='word_1_492' title='bbox 1589 3518 1648 3587; x_wconf 89' lang='lat' dir='ltr'><strong>pael</strong></span> <span class='ocrx_word' id='word_1_493' title='bbox 1662 3526 1691 3573; x_wconf 91' lang='lat' dir='ltr'><strong>et</strong></span> 
     </span>
     <span class='ocr_line' id='line_1_36' title="bbox 43 3603 1698 3683; baseline -0.007 -9"><span class='ocrx_word' id='word_1_494' title='bbox 43 3626 80 3674; x_wconf 77' lang='lat' dir='ltr'><strong>ct</strong></span> <span class='ocrx_word' id='word_1_495' title='bbox 94 3616 224 3683; x_wconf 85' lang='lat' dir='ltr'><strong>inuicem,</strong></span> <span class='ocrx_word' id='word_1_496' title='bbox 239 3625 268 3674; x_wconf 91' lang='lat' dir='ltr'><strong>et</strong></span> <span class='ocrx_word' id='word_1_497' title='bbox 277 3616 425 3672; x_wconf 83' lang='lat' dir='ltr'><strong>saltantem</strong></span> <span class='ocrx_word' id='word_1_498' title='bbox 435 3614 526 3670; x_wconf 90' lang='lat' dir='ltr'><strong>omnia</strong></span> <span class='ocrx_word' id='word_1_499' title='bbox 537 3613 563 3669; x_wconf 92' lang='lat' dir='ltr'><strong>in</strong></span> <span class='ocrx_word' id='word_1_500' title='bbox 576 3611 716 3669; x_wconf 90' lang='lat' dir='ltr'><strong>inconfusa</strong></span> <span class='ocrx_word' id='word_1_501' title='bbox 726 3611 847 3669; x_wconf 89' lang='lat' dir='ltr'><strong>omnium</strong></span> <span class='ocrx_word' id='word_1_502' title='bbox 898 3609 973 3678; x_wconf 86' lang='lat' dir='ltr'><strong>pacis</strong></span> <span class='ocrx_word' id='word_1_503' title='bbox 983 3610 1061 3665; x_wconf 91' lang='lat' dir='ltr'><strong>bonis</strong></span> <span class='ocrx_word' id='word_1_504' title='bbox 1071 3610 1184 3665; x_wconf 87' lang='lat' dir='ltr'><strong>infestos</strong></span> <span class='ocrx_word' id='word_1_505' title='bbox 1197 3622 1270 3677; x_wconf 80' lang='lat' dir='ltr'><strong>esse,</strong></span> <span class='ocrx_word' id='word_1_506' title='bbox 1285 3603 1504 3667; x_wconf 68' lang='lat' dir='ltr'><strong>adunationibus</strong></span> <span class='ocrx_word' id='word_1_507' title='bbox 1515 3617 1544 3664; x_wconf 92' lang='lat' dir='ltr'><strong>ct</strong></span> <span class='ocrx_word' id='word_1_508' title='bbox 1556 3604 1698 3665; x_wconf 82' lang='lat' dir='ltr'><strong>furoribus</strong></span> 
     </span>
     <span class='ocr_line' id='line_1_37' title="bbox 45 3697 1692 3775; baseline -0.007 -11"><span class='ocrx_word' id='word_1_509' title='bbox 45 3706 238 3771; x_wconf 85' lang='lat' dir='ltr'><strong>continemia,</strong></span> <span class='ocrx_word' id='word_1_510' title='bbox 263 3716 291 3761; x_wconf 91' lang='lat' dir='ltr'><strong>et</strong></span> <span class='ocrx_word' id='word_1_511' title='bbox 311 3706 474 3775; x_wconf 90' lang='lat' dir='ltr'><strong>conspicua,</strong></span> <span class='ocrx_word' id='word_1_512' title='bbox 500 3714 528 3759; x_wconf 92' lang='lat' dir='ltr'><strong>et</strong></span> <span class='ocrx_word' id='word_1_513' title='bbox 557 3712 768 3774; x_wconf 88' lang='lat' dir='ltr'><strong>contemperata.</strong></span> <span class='ocrx_word' id='word_1_514' title='bbox 795 3702 848 3758; x_wconf 84' lang='lat' dir='ltr'><strong>Per</strong></span> <span class='ocrx_word' id='word_1_515' title='bbox 897 3708 924 3754; x_wconf 94' lang='lat' dir='ltr'><strong>et</strong></span> <span class='ocrx_word' id='word_1_516' title='bbox 948 3698 1157 3756; x_wconf 88' lang='lat' dir='ltr'><strong>alienationibus</strong></span> <span class='ocrx_word' id='word_1_517' title='bbox 1182 3707 1209 3757; x_wconf 85' lang='lat' dir='ltr'><strong>et</strong></span> <span class='ocrx_word' id='word_1_518' title='bbox 1234 3697 1455 3756; x_wconf 84' lang='lat' dir='ltr'><strong>instabilitatibus</strong></span> <span class='ocrx_word' id='word_1_519' title='bbox 1475 3699 1642 3769; x_wconf 86' lang='lat' dir='ltr'><strong>gaudentes,</strong></span> <span class='ocrx_word' id='word_1_520' title='bbox 1664 3707 1692 3753; x_wconf 87' lang='lat' dir='ltr'><strong>er</strong></span> 
     </span>
     <span class='ocr_line' id='line_1_38' title="bbox 45 3790 1702 3867; baseline -0.004 -17"><span class='ocrx_word' id='word_1_521' title='bbox 45 3812 139 3867; x_wconf 86' lang='lat' dir='ltr'><strong>quana</strong></span> <span class='ocrx_word' id='word_1_522' title='bbox 170 3795 252 3851; x_wconf 89' lang='lat' dir='ltr'><strong>dirini</strong></span> <span class='ocrx_word' id='word_1_523' title='bbox 283 3796 366 3850; x_wconf 91' lang='lat' dir='ltr'><strong>animi</strong></span> <span class='ocrx_word' id='word_1_524' title='bbox 408 3793 537 3850; x_wconf 88' lang='lat' dir='ltr'><strong>intellecti</strong></span> <span class='ocrx_word' id='word_1_525' title='bbox 577 3792 758 3850; x_wconf 87' lang='lat' dir='ltr'><strong>intellectibus</strong></span> <span class='ocrx_word' id='word_1_526' title='bbox 790 3793 848 3848; x_wconf 89' lang='lat' dir='ltr'><strong>suis</strong></span> <span class='ocrx_word' id='word_1_527' title='bbox 898 3790 948 3861; x_wconf 90' lang='lat' dir='ltr'><strong>ipsi</strong></span> <span class='ocrx_word' id='word_1_528' title='bbox 964 3790 1167 3847; x_wconf 87' lang='lat' dir='ltr'><strong>obscurissimis</strong></span> <span class='ocrx_word' id='word_1_529' title='bbox 1187 3792 1291 3847; x_wconf 91' lang='lat' dir='ltr'><strong>umbris</strong></span> <span class='ocrx_word' id='word_1_530' title='bbox 1310 3792 1385 3861; x_wconf 90' lang='lat' dir='ltr'><strong>pacis</strong></span> <span class='ocrx_word' id='word_1_531' title='bbox 1398 3791 1631 3860; x_wconf 88' lang='lat' dir='ltr'><strong>concupiscentiae</strong></span> <span class='ocrx_word' id='word_1_532' title='bbox 1643 3792 1702 3844; x_wconf 45' lang='lat' dir='ltr'><strong>tle-r</strong></span> 
     </span>
     <span class='ocr_line' id='line_1_39' title="bbox 45 3880 1701 3954; baseline -0.004 -14"><span class='ocrx_word' id='word_1_533' title='bbox 45 3884 188 3940; x_wconf 73' lang='lat' dir='ltr'><strong>uniamur</strong></span> <span class='ocrx_word' id='word_1_534' title='bbox 200 3923 209 3949; x_wconf 92' lang='lat'><strong>,</strong></span> <span class='ocrx_word' id='word_1_535' title='bbox 221 3893 248 3939; x_wconf 91' lang='lat' dir='ltr'><strong>et</strong></span> <span class='ocrx_word' id='word_1_536' title='bbox 262 3883 494 3954; x_wconf 73' lang='lat' dir='ltr'><strong>intelligentibus,</strong></span> <span class='ocrx_word' id='word_1_537' title='bbox 515 3882 656 3939; x_wconf 89' lang='lat' dir='ltr'><strong>etiterum</strong></span> <span class='ocrx_word' id='word_1_538' title='bbox 677 3882 704 3936; x_wconf 94' lang='lat' dir='ltr'><strong>iu</strong></span> <span class='ocrx_word' id='word_1_539' title='bbox 725 3882 847 3951; x_wconf 87' lang='lat' dir='ltr'><strong>incogui·</strong></span> <span class='ocrx_word' id='word_1_540' title='bbox 898 3882 1028 3947; x_wconf 83' lang='lat' dir='ltr'><strong>lineatur,</strong></span> <span class='ocrx_word' id='word_1_541' title='bbox 1044 3881 1078 3937; x_wconf 92' lang='lat' dir='ltr'><strong>ad</strong></span> <span class='ocrx_word' id='word_1_542' title='bbox 1092 3897 1160 3952; x_wconf 83' lang='lat' dir='ltr'><strong>quas</strong></span> <span class='ocrx_word' id='word_1_543' title='bbox 1170 3883 1343 3953; x_wconf 88' lang='lat' dir='ltr'><strong>passionibus</strong></span> <span class='ocrx_word' id='word_1_544' title='bbox 1359 3881 1459 3936; x_wconf 86' lang='lat' dir='ltr'><strong>turbati</strong></span> <span class='ocrx_word' id='word_1_545' title='bbox 1474 3880 1585 3934; x_wconf 86' lang='lat' dir='ltr'><strong>unaltram</strong></span> <span class='ocrx_word' id='word_1_546' title='bbox 1600 3882 1701 3935; x_wconf 69' lang='lat' dir='ltr'><strong>moiri·</strong></span> 
     </span>
     <span class='ocr_line' id='line_1_40' title="bbox 47 3970 1690 4063; baseline -0.004 -32"><span class='ocrx_word' id='word_1_547' title='bbox 47 3986 114 4031; x_wconf 77' lang='lat' dir='ltr'><strong>tum</strong></span> <span class='ocrx_word' id='word_1_548' title='bbox 146 3977 296 4032; x_wconf 86' lang='lat' dir='ltr'><strong>ascendum</strong></span> <span class='ocrx_word' id='word_1_549' title='bbox 318 3992 400 4047; x_wconf 90' lang='lat' dir='ltr'><strong>super</strong></span> <span class='ocrx_word' id='word_1_550' title='bbox 420 3976 540 4032; x_wconf 89' lang='lat' dir='ltr'><strong>animum</strong></span> <span class='ocrx_word' id='word_1_551' title='bbox 562 3976 753 4032; x_wconf 85' lang='lat' dir='ltr'><strong>collocatorum</strong></span> <span class='ocrx_word' id='word_1_552' title='bbox 780 3991 846 4032; x_wconf 90' lang='lat' dir='ltr'><strong>eon·</strong></span> <span class='ocrx_word' id='word_1_553' title='bbox 897 3973 987 4037; x_wconf 79' lang='lat' dir='ltr'><strong>idrus,</strong></span> <span class='ocrx_word' id='word_1_554' title='bbox 1009 3982 1036 4028; x_wconf 91' lang='lat' dir='ltr'><strong>et</strong></span> <span class='ocrx_word' id='word_1_555' title='bbox 1058 3986 1106 4028; x_wconf 88' lang='lat' dir='ltr'><strong>eas</strong></span> <span class='ocrx_word' id='word_1_556' title='bbox 1128 3972 1227 4028; x_wconf 86' lang='lat' dir='ltr'><strong>sistere</strong></span> <span class='ocrx_word' id='word_1_557' title='bbox 1243 3970 1444 4063; x_wconf 45' lang='lat' dir='ltr'><strong>indisciplitffie</strong></span> <span class='ocrx_word' id='word_1_558' title='bbox 1461 3977 1639 4041; x_wconf 87' lang='lat' dir='ltr'><strong>appetentes,</strong></span> <span class='ocrx_word' id='word_1_559' title='bbox 1661 3980 1690 4025; x_wconf 91' lang='lat' dir='ltr'><strong>ct</strong></span> 
     </span>
     <span class='ocr_line' id='line_1_41' title="bbox 50 4058 1689 4138; baseline -0.004 -15"><span class='ocrx_word' id='word_1_560' title='bbox 50 4074 171 4123; x_wconf 81' lang='lat' dir='ltr'><strong>metam.</strong></span> <span class='ocrx_word' id='word_1_561' title='bbox 188 4065 241 4122; x_wconf 85' lang='lat' dir='ltr'><strong>Per</strong></span> <span class='ocrx_word' id='word_1_562' title='bbox 255 4082 335 4138; x_wconf 91' lang='lat' dir='ltr'><strong>quam</strong></span> <span class='ocrx_word' id='word_1_563' title='bbox 349 4069 456 4124; x_wconf 89' lang='lat' dir='ltr'><strong>animae</strong></span> <span class='ocrx_word' id='word_1_564' title='bbox 473 4067 640 4137; x_wconf 89' lang='lat' dir='ltr'><strong>largissimas</strong></span> <span class='ocrx_word' id='word_1_565' title='bbox 653 4083 717 4124; x_wconf 89' lang='lat' dir='ltr'><strong>suas</strong></span> <span class='ocrx_word' id='word_1_566' title='bbox 730 4069 847 4124; x_wconf 90' lang='lat' dir='ltr'><strong>rationes</strong></span> <span class='ocrx_word' id='word_1_567' title='bbox 897 4063 1074 4123; x_wconf 86' lang='lat' dir='ltr'><strong>aestimantes</strong></span> <span class='ocrx_word' id='word_1_568' title='bbox 1098 4063 1264 4135; x_wconf 87' lang='lat' dir='ltr'><strong>plenitudine</strong></span> <span class='ocrx_word' id='word_1_569' title='bbox 1281 4058 1576 4133; x_wconf 74' lang='lat' dir='ltr'><strong>sentpei&#39;reliueutiuut</strong></span> <span class='ocrx_word' id='word_1_570' title='bbox 1594 4063 1689 4133; x_wconf 63' lang='lat' dir='ltr'><strong>pacili⁴</strong></span> 
     </span>
    </p>

    <p class='ocr_par' dir='ltr' id='par_1_6' title="bbox 47 4144 1690 4322">
     <span class='ocr_line' id='line_1_42' title="bbox 47 4144 1690 4232; baseline -0.002 -19"><span class='ocrx_word' id='word_1_571' title='bbox 47 4157 248 4232; x_wconf 68' lang='lat' dir='ltr'><strong>intelligentes,</strong></span> <span class='ocrx_word' id='word_1_572' title='bbox 261 4167 290 4215; x_wconf 91' lang='lat' dir='ltr'><strong>et</strong></span> <span class='ocrx_word' id='word_1_573' title='bbox 303 4159 336 4214; x_wconf 89' lang='lat' dir='ltr'><strong>ad</strong></span> <span class='ocrx_word' id='word_1_574' title='bbox 351 4174 432 4213; x_wconf 92' lang='lat' dir='ltr'><strong>unam</strong></span> <span class='ocrx_word' id='word_1_575' title='bbox 451 4158 656 4214; x_wconf 88' lang='lat' dir='ltr'><strong>intellectualem</strong></span> <span class='ocrx_word' id='word_1_576' title='bbox 669 4168 847 4231; x_wconf 73' lang='lat' dir='ltr'><strong>congregatae</strong></span> <span class='ocrx_word' id='word_1_577' title='bbox 897 4173 961 4215; x_wconf 89' lang='lat' dir='ltr'><strong>care</strong></span> <span class='ocrx_word' id='word_1_578' title='bbox 987 4159 1092 4228; x_wconf 85' lang='lat' dir='ltr'><strong>seipsos</strong></span> <span class='ocrx_word' id='word_1_579' title='bbox 1127 4148 1314 4211; x_wconf 73' lang='lat' dir='ltr'><strong>instructione</strong></span> <span class='ocrx_word' id='word_1_580' title='bbox 1323 4144 1326 4153; x_wconf 75' lang='grc'><strong>’</strong></span> <span class='ocrx_word' id='word_1_581' title='bbox 1344 4157 1493 4211; x_wconf 85' lang='lat' dir='ltr'><strong>tenemium</strong></span> <span class='ocrx_word' id='word_1_582' title='bbox 1519 4155 1690 4227; x_wconf 84' lang='lat' dir='ltr'><strong>uolrrptatum</strong></span> 
     </span>
     <span class='ocr_line' id='line_1_43' title="bbox 47 4247 1688 4322; baseline -0.003 -18"><span class='ocrx_word' id='word_1_583' title='bbox 47 4249 219 4320; x_wconf 83' lang='lat' dir='ltr'><strong>puritatem,</strong></span> <span class='ocrx_word' id='word_1_584' title='bbox 239 4249 448 4321; x_wconf 86' lang='lat' dir='ltr'><strong>progrediuntur</strong></span> <span class='ocrx_word' id='word_1_585' title='bbox 461 4250 569 4319; x_wconf 90' lang='lat' dir='ltr'><strong>proprie</strong></span> <span class='ocrx_word' id='word_1_586' title='bbox 582 4250 691 4305; x_wconf 88' lang='lat' dir='ltr'><strong>sibimet</strong></span> <span class='ocrx_word' id='word_1_587' title='bbox 707 4250 749 4305; x_wconf 90' lang='lat' dir='ltr'><strong>via</strong></span> <span class='ocrx_word' id='word_1_588' title='bbox 764 4260 791 4305; x_wconf 90' lang='lat' dir='ltr'><strong>et</strong></span> <span class='ocrx_word' id='word_1_589' title='bbox 802 4265 848 4304; x_wconf 88' lang='lat' dir='ltr'><strong>or·</strong></span> <span class='ocrx_word' id='word_1_590' title='bbox 897 4250 1079 4322; x_wconf 87' lang='lat' dir='ltr'><strong>perturbatos.</strong></span> <span class='ocrx_word' id='word_1_591' title='bbox 1105 4249 1175 4317; x_wconf 85' lang='lat' dir='ltr'><strong>Quid</strong></span> <span class='ocrx_word' id='word_1_592' title='bbox 1190 4248 1213 4304; x_wconf 91' lang='lat' dir='ltr'><strong>si</strong></span> <span class='ocrx_word' id='word_1_593' title='bbox 1228 4249 1289 4320; x_wconf 72' lang='lat' dir='ltr'><strong>(pois</strong></span> <span class='ocrx_word' id='word_1_594' title='bbox 1303 4248 1402 4303; x_wconf 80' lang='lat' dir='ltr'><strong>dixerit</strong></span> <span class='ocrx_word' id='word_1_595' title='bbox 1417 4248 1450 4303; x_wconf 84' lang='lat' dir='ltr'><strong>dc</strong></span> <span class='ocrx_word' id='word_1_596' title='bbox 1469 4248 1525 4315; x_wconf 88' lang='lat' dir='ltr'><strong>ipsa</strong></span> <span class='ocrx_word' id='word_1_597' title='bbox 1540 4247 1688 4303; x_wconf 89' lang='lat' dir='ltr'><strong>seeundum</strong></span> 
     </span>
    </p>

    <p class='ocr_par' dir='ltr' id='par_1_7' title="bbox 47 4338 1688 4412">
     <span class='ocr_line' id='line_1_44' title="bbox 47 4338 1688 4412; baseline -0.005 -16"><span class='ocrx_word' id='word_1_598' title='bbox 47 4339 119 4396; x_wconf 85' lang='lat' dir='ltr'><strong>diae</strong></span> <span class='ocrx_word' id='word_1_599' title='bbox 128 4353 178 4409; x_wconf 91' lang='lat' dir='ltr'><strong>per</strong></span> <span class='ocrx_word' id='word_1_600' title='bbox 187 4338 391 4395; x_wconf 89' lang='lat' dir='ltr'><strong>immaterialem</strong></span> <span class='ocrx_word' id='word_1_601' title='bbox 402 4348 430 4394; x_wconf 92' lang='lat' dir='ltr'><strong>et</strong></span> <span class='ocrx_word' id='word_1_602' title='bbox 442 4339 630 4410; x_wconf 87' lang='lat' dir='ltr'><strong>impartibilem</strong></span> <span class='ocrx_word' id='word_1_603' title='bbox 644 4340 845 4411; x_wconf 85' lang='lat' dir='ltr'><strong>intelligentiam</strong></span> <span class='ocrx_word' id='word_1_604' title='bbox 897 4341 1035 4398; x_wconf 75' lang='lat' dir='ltr'><strong>Christum</strong></span> <span class='ocrx_word' id='word_1_605' title='bbox 1049 4338 1160 4412; x_wconf 80' lang='lat' dir='ltr'><strong>pariana</strong></span> <span class='ocrx_word' id='word_1_606' title='bbox 1175 4340 1359 4402; x_wconf 88' lang='lat' dir='ltr'><strong>itumsuitate,</strong></span> <span class='ocrx_word' id='word_1_607' title='bbox 1375 4338 1523 4394; x_wconf 91' lang='lat' dir='ltr'><strong>secuudum</strong></span> <span class='ocrx_word' id='word_1_608' title='bbox 1538 4350 1618 4405; x_wconf 90' lang='lat' dir='ltr'><strong>quam</strong></span> <span class='ocrx_word' id='word_1_609' title='bbox 1634 4350 1688 4389; x_wconf 92' lang='lat' dir='ltr'><strong>non</strong></span> 
     </span>
    </p>

    <p class='ocr_par' dir='ltr' id='par_1_8' title="bbox 47 4424 1691 4682">
     <span class='ocr_line' id='line_1_45' title="bbox 49 4424 1690 4501; baseline -0.005 -15"><span class='ocrx_word' id='word_1_610' title='bbox 49 4430 84 4486; x_wconf 90' lang='lat' dir='ltr'><strong>in</strong></span> <span class='ocrx_word' id='word_1_611' title='bbox 103 4430 236 4486; x_wconf 70' lang='lat' dir='ltr'><strong>nulnum</strong></span> <span class='ocrx_word' id='word_1_612' title='bbox 249 4443 330 4501; x_wconf 90' lang='lat' dir='ltr'><strong>super</strong></span> <span class='ocrx_word' id='word_1_613' title='bbox 343 4428 518 4485; x_wconf 86' lang='lat' dir='ltr'><strong>intellectam.</strong></span> <span class='ocrx_word' id='word_1_614' title='bbox 533 4429 677 4500; x_wconf 83' lang='lat' dir='ltr'><strong>Perquam</strong></span> <span class='ocrx_word' id='word_1_615' title='bbox 692 4446 745 4486; x_wconf 91' lang='lat' dir='ltr'><strong>una</strong></span> <span class='ocrx_word' id='word_1_616' title='bbox 759 4440 787 4486; x_wconf 90' lang='lat' dir='ltr'><strong>et</strong></span> <span class='ocrx_word' id='word_1_617' title='bbox 803 4432 846 4485; x_wconf 90' lang='lat' dir='ltr'><strong>iu·</strong></span> <span class='ocrx_word' id='word_1_618' title='bbox 896 4430 1026 4485; x_wconf 89' lang='lat' dir='ltr'><strong>discimus</strong></span> <span class='ocrx_word' id='word_1_619' title='bbox 1048 4426 1141 4484; x_wconf 81' lang='lat' dir='ltr'><strong>adnue</strong></span> <span class='ocrx_word' id='word_1_620' title='bbox 1160 4440 1287 4497; x_wconf 84' lang='lat' dir='ltr'><strong>pugnare.</strong></span> <span class='ocrx_word' id='word_1_621' title='bbox 1306 4440 1392 4496; x_wconf 85' lang='lat' dir='ltr'><strong>neque</strong></span> <span class='ocrx_word' id='word_1_622' title='bbox 1416 4424 1584 4494; x_wconf 83' lang='lat' dir='ltr'><strong>nobisipsis,</strong></span> <span class='ocrx_word' id='word_1_623' title='bbox 1602 4438 1690 4492; x_wconf 79' lang='lat' dir='ltr'><strong>nequae</strong></span> 
     </span>
     <span class='ocr_line' id='line_1_46' title="bbox 47 4514 1691 4594; baseline -0.005 -18"><span class='ocrx_word' id='word_1_624' title='bbox 47 4518 179 4576; x_wconf 69' lang='lat' dir='ltr'><strong>minuitis</strong></span> <span class='ocrx_word' id='word_1_625' title='bbox 189 4519 309 4576; x_wconf 89' lang='lat' dir='ltr'><strong>omniurn</strong></span> <span class='ocrx_word' id='word_1_626' title='bbox 317 4518 488 4589; x_wconf 87' lang='lat' dir='ltr'><strong>complicatio</strong></span> <span class='ocrx_word' id='word_1_627' title='bbox 500 4520 646 4576; x_wconf 88' lang='lat' dir='ltr'><strong>secundum</strong></span> <span class='ocrx_word' id='word_1_628' title='bbox 659 4520 777 4575; x_wconf 85' lang='lat' dir='ltr'><strong>diuinam</strong></span> <span class='ocrx_word' id='word_1_629' title='bbox 787 4520 847 4592; x_wconf 82' lang='lat' dir='ltr'><strong>ejus</strong></span> <span class='ocrx_word' id='word_1_630' title='bbox 861 4519 1124 4594; x_wconf 65' lang='lat' dir='ltr'><strong>maneamusque</strong></span> <span class='ocrx_word' id='word_1_631' title='bbox 1137 4515 1249 4587; x_wconf 86' lang='lat' dir='ltr'><strong>angelis,</strong></span> <span class='ocrx_word' id='word_1_632' title='bbox 1262 4515 1308 4571; x_wconf 89' lang='lat' dir='ltr'><strong>sed</strong></span> <span class='ocrx_word' id='word_1_633' title='bbox 1323 4524 1351 4570; x_wconf 89' lang='lat' dir='ltr'><strong>ct</strong></span> <span class='ocrx_word' id='word_1_634' title='bbox 1363 4515 1428 4587; x_wconf 89' lang='lat' dir='ltr'><strong>ipsis</strong></span> <span class='ocrx_word' id='word_1_635' title='bbox 1441 4515 1530 4570; x_wconf 86' lang='lat' dir='ltr'><strong>diuina</strong></span> <span class='ocrx_word' id='word_1_636' title='bbox 1542 4528 1592 4584; x_wconf 90' lang='lat' dir='ltr'><strong>per</strong></span> <span class='ocrx_word' id='word_1_637' title='bbox 1605 4514 1691 4567; x_wconf 82' lang='lat' dir='ltr'><strong>virtu·</strong></span> 
     </span>
     <span class='ocr_line' id='line_1_47' title="bbox 48 4603 1687 4682; baseline -0.004 -18"><span class='ocrx_word' id='word_1_638' title='bbox 48 4608 226 4664; x_wconf 70' lang='lat' dir='ltr'><strong>banneriam</strong></span> <span class='ocrx_word' id='word_1_639' title='bbox 247 4610 419 4666; x_wconf 88' lang='lat' dir='ltr'><strong>constituitur</strong></span> <span class='ocrx_word' id='word_1_640' title='bbox 433 4611 454 4674; x_wconf 84' lang='lat'><strong>⁸,</strong></span> <span class='ocrx_word' id='word_1_641' title='bbox 471 4618 501 4666; x_wconf 90' lang='lat' dir='ltr'><strong>et</strong></span> <span class='ocrx_word' id='word_1_642' title='bbox 524 4610 727 4682; x_wconf 87' lang='lat' dir='ltr'><strong>compaginatur</strong></span> <span class='ocrx_word' id='word_1_643' title='bbox 748 4627 845 4669; x_wconf 90' lang='lat' dir='ltr'><strong>conso·</strong></span> <span class='ocrx_word' id='word_1_644' title='bbox 899 4610 952 4664; x_wconf 80' lang='lat' dir='ltr'><strong>tem</strong></span> <span class='ocrx_word' id='word_1_645' title='bbox 971 4606 1197 4677; x_wconf 67' lang='lat' dir='ltr'><strong>cooperabimur,</strong></span> <span class='ocrx_word' id='word_1_646' title='bbox 1228 4606 1374 4661; x_wconf 88' lang='lat' dir='ltr'><strong>secundum</strong></span> <span class='ocrx_word' id='word_1_647' title='bbox 1402 4605 1598 4675; x_wconf 80' lang='lat' dir='ltr'><strong>prouidentiam</strong></span> <span class='ocrx_word' id='word_1_648' title='bbox 1624 4603 1687 4660; x_wconf 85' lang='lat' dir='ltr'><strong>lesu</strong></span> 
     </span>
    </p>

    <p class='ocr_par' dir='ltr' id='par_1_9' title="bbox 50 4696 1688 4771">
     <span class='ocr_line' id='line_1_48' title="bbox 50 4696 1688 4771; baseline -0.004 -16"><span class='ocrx_word' id='word_1_649' title='bbox 50 4698 149 4755; x_wconf 82' lang='lat' dir='ltr'><strong>nantia</strong></span> <span class='ocrx_word' id='word_1_650' title='bbox 161 4697 290 4770; x_wconf 88' lang='lat' dir='ltr'><strong>perfecta,</strong></span> <span class='ocrx_word' id='word_1_651' title='bbox 303 4707 331 4755; x_wconf 88' lang='lat' dir='ltr'><strong>et</strong></span> <span class='ocrx_word' id='word_1_652' title='bbox 343 4712 503 4764; x_wconf 87' lang='lat' dir='ltr'><strong>cousensus,</strong></span> <span class='ocrx_word' id='word_1_653' title='bbox 514 4709 542 4755; x_wconf 91' lang='lat' dir='ltr'><strong>et</strong></span> <span class='ocrx_word' id='word_1_654' title='bbox 556 4700 768 4771; x_wconf 85' lang='lat' dir='ltr'><strong>congerminatio</strong></span> <span class='ocrx_word' id='word_1_655' title='bbox 781 4716 861 4757; x_wconf 49' lang='lat' dir='ltr'><strong>conv</strong></span> <span class='ocrx_word' id='word_1_656' title='bbox 897 4698 988 4755; x_wconf 92' lang='lat' dir='ltr'><strong>omnia</strong></span> <span class='ocrx_word' id='word_1_657' title='bbox 1005 4699 1032 4754; x_wconf 91' lang='lat' dir='ltr'><strong>in</strong></span> <span class='ocrx_word' id='word_1_658' title='bbox 1046 4698 1171 4757; x_wconf 90' lang='lat' dir='ltr'><strong>omuibus</strong></span> <span class='ocrx_word' id='word_1_659' title='bbox 1184 4698 1337 4768; x_wconf 90' lang='lat' dir='ltr'><strong>operantis,</strong></span> <span class='ocrx_word' id='word_1_660' title='bbox 1355 4706 1383 4752; x_wconf 94' lang='lat' dir='ltr'><strong>et</strong></span> <span class='ocrx_word' id='word_1_661' title='bbox 1397 4696 1522 4753; x_wconf 87' lang='lat' dir='ltr'><strong>facientis</strong></span> <span class='ocrx_word' id='word_1_662' title='bbox 1536 4712 1631 4769; x_wconf 88' lang='lat' dir='ltr'><strong>pacem</strong></span> <span class='ocrx_word' id='word_1_663' title='bbox 1646 4698 1688 4755; x_wconf 91' lang='lat' dir='ltr'><strong>iu·</strong></span> 
     </span>
    </p>

    <p class='ocr_par' dir='ltr' id='par_1_10' title="bbox 50 4788 1690 4865">
     <span class='ocr_line' id='line_1_49' title="bbox 50 4788 1690 4865; baseline -0.001 -18"><span class='ocrx_word' id='word_1_664' title='bbox 50 4807 174 4865; x_wconf 80' lang='lat' dir='ltr'><strong>gregans</strong></span> <span class='ocrx_word' id='word_1_665' title='bbox 191 4793 341 4858; x_wconf 76' lang='lat' dir='ltr'><strong>inconfuse,</strong></span> <span class='ocrx_word' id='word_1_666' title='bbox 355 4792 624 4863; x_wconf 84' lang='lat' dir='ltr'><strong>inseparabiliterque</strong></span> <span class='ocrx_word' id='word_1_667' title='bbox 644 4792 765 4850; x_wconf 86' lang='lat' dir='ltr'><strong>confusa.</strong></span> <span class='ocrx_word' id='word_1_668' title='bbox 781 4793 847 4849; x_wconf 82' lang='lat' dir='ltr'><strong>Per·</strong></span> <span class='ocrx_word' id='word_1_669' title='bbox 896 4788 1040 4855; x_wconf 78' lang='lat' dir='ltr'><strong>stabilem,</strong></span> <span class='ocrx_word' id='word_1_670' title='bbox 1060 4797 1088 4844; x_wconf 90' lang='lat' dir='ltr'><strong>et</strong></span> <span class='ocrx_word' id='word_1_671' title='bbox 1107 4804 1139 4845; x_wconf 90' lang='lat' dir='ltr'><strong>ert</strong></span> <span class='ocrx_word' id='word_1_672' title='bbox 1164 4789 1255 4846; x_wconf 90' lang='lat' dir='ltr'><strong>seculo</strong></span> <span class='ocrx_word' id='word_1_673' title='bbox 1269 4788 1551 4859; x_wconf 75' lang='lat' dir='ltr'><strong>praedestinatamm</strong></span> <span class='ocrx_word' id='word_1_674' title='bbox 1566 4792 1690 4846; x_wconf 84' lang='lat' dir='ltr'><strong>reconci-</strong></span> 
     </span>
    </p>

    <p class='ocr_par' dir='ltr' id='par_1_11' title="bbox 52 4879 1705 5044">
     <span class='ocr_line' id='line_1_50' title="bbox 52 4879 1705 4956; baseline -0.002 -17"><span class='ocrx_word' id='word_1_675' title='bbox 52 4884 132 4939; x_wconf 84' lang='lat' dir='ltr'><strong>rcuit</strong></span> <span class='ocrx_word' id='word_1_676' title='bbox 142 4884 214 4941; x_wconf 85' lang='lat' dir='ltr'><strong>etaim</strong></span> <span class='ocrx_word' id='word_1_677' title='bbox 226 4884 438 4956; x_wconf 87' lang='lat' dir='ltr'><strong>perfectissimae</strong></span> <span class='ocrx_word' id='word_1_678' title='bbox 452 4884 526 4953; x_wconf 89' lang='lat' dir='ltr'><strong>pacis</strong></span> <span class='ocrx_word' id='word_1_679' title='bbox 539 4884 701 4940; x_wconf 83' lang='lat' dir='ltr'><strong>universitas</strong></span> <span class='ocrx_word' id='word_1_680' title='bbox 712 4884 843 4941; x_wconf 87' lang='lat' dir='ltr'><strong>in&#39;omnia</strong></span> <span class='ocrx_word' id='word_1_681' title='bbox 897 4880 989 4936; x_wconf 84' lang='lat' dir='ltr'><strong>limatis</strong></span> <span class='ocrx_word' id='word_1_682' title='bbox 1005 4895 1055 4939; x_wconf 88' lang='lat' dir='ltr'><strong>uos</strong></span> <span class='ocrx_word' id='word_1_683' title='bbox 1066 4880 1117 4937; x_wconf 91' lang='lat' dir='ltr'><strong>sibi</strong></span> <span class='ocrx_word' id='word_1_684' title='bbox 1133 4881 1182 4950; x_wconf 91' lang='lat' dir='ltr'><strong>ipsi</strong></span> <span class='ocrx_word' id='word_1_685' title='bbox 1207 4880 1233 4935; x_wconf 94' lang='lat' dir='ltr'><strong>in</strong></span> <span class='ocrx_word' id='word_1_686' title='bbox 1248 4879 1353 4951; x_wconf 90' lang='lat' dir='ltr'><strong>spiritu,</strong></span> <span class='ocrx_word' id='word_1_687' title='bbox 1369 4889 1397 4935; x_wconf 94' lang='lat' dir='ltr'><strong>et</strong></span> <span class='ocrx_word' id='word_1_688' title='bbox 1418 4880 1599 4952; x_wconf 87' lang='lat' dir='ltr'><strong>perseipsum</strong></span> <span class='ocrx_word' id='word_1_689' title='bbox 1617 4892 1642 4936; x_wconf 88' lang='lat' dir='ltr'><strong>et</strong></span> <span class='ocrx_word' id='word_1_690' title='bbox 1661 4883 1705 4936; x_wconf 86' lang='lat' dir='ltr'><strong>iu·</strong></span> 
     </span>
     <span class='ocr_line' id='line_1_51' title="bbox 52 4970 1687 5044; baseline -0.002 -15"><span class='ocrx_word' id='word_1_691' title='bbox 52 4974 213 5040; x_wconf 76' lang='lat' dir='ltr'><strong>existentia,</strong></span> <span class='ocrx_word' id='word_1_692' title='bbox 224 4974 371 5030; x_wconf 74' lang='lat' dir='ltr'><strong>sesamum</strong></span> <span class='ocrx_word' id='word_1_693' title='bbox 388 4973 617 5044; x_wconf 84' lang='lat' dir='ltr'><strong>simplicissimum</strong></span> <span class='ocrx_word' id='word_1_694' title='bbox 631 4972 690 5044; x_wconf 80' lang='lat' dir='ltr'><strong>ejus</strong></span> <span class='ocrx_word' id='word_1_695' title='bbox 701 4976 729 5028; x_wconf 88' lang='lat' dir='ltr'><strong>ei</strong></span> <span class='ocrx_word' id='word_1_696' title='bbox 741 4973 844 5035; x_wconf 88' lang='lat' dir='ltr'><strong>clarum</strong></span> <span class='ocrx_word' id='word_1_697' title='bbox 898 4974 956 5043; x_wconf 90' lang='lat' dir='ltr'><strong>ipso</strong></span> <span class='ocrx_word' id='word_1_698' title='bbox 979 4972 1060 5043; x_wconf 91' lang='lat' dir='ltr'><strong>patri.</strong></span> <span class='ocrx_word' id='word_1_699' title='bbox 1087 4973 1124 5027; x_wconf 86' lang='lat' dir='ltr'><strong>lle</strong></span> <span class='ocrx_word' id='word_1_700' title='bbox 1150 4972 1249 5042; x_wconf 84' lang='lat' dir='ltr'><strong>quibus</strong></span> <span class='ocrx_word' id='word_1_701' title='bbox 1273 4970 1537 5041; x_wconf 87' lang='lat' dir='ltr'><strong>supereminentibus</strong></span> <span class='ocrx_word' id='word_1_702' title='bbox 1558 4972 1637 5027; x_wconf 80' lang='lat' dir='ltr'><strong>aleriis</strong></span> <span class='ocrx_word' id='word_1_703' title='bbox 1660 4974 1687 5026; x_wconf 90' lang='lat' dir='ltr'><strong>iu</strong></span> 
     </span>
    </p>

    <p class='ocr_par' dir='ltr' id='par_1_12' title="bbox 53 5059 1688 5135">
     <span class='ocr_line' id='line_1_52' title="bbox 53 5059 1688 5135; baseline -0.001 -18"><span class='ocrx_word' id='word_1_704' title='bbox 53 5062 175 5119; x_wconf 86' lang='lat' dir='ltr'><strong>urtiiieae</strong></span> <span class='ocrx_word' id='word_1_705' title='bbox 186 5062 293 5119; x_wconf 88' lang='lat' dir='ltr'><strong>rirtutis</strong></span> <span class='ocrx_word' id='word_1_706' title='bbox 310 5064 465 5130; x_wconf 87' lang='lat' dir='ltr'><strong>adrentum,</strong></span> <span class='ocrx_word' id='word_1_707' title='bbox 481 5062 613 5120; x_wconf 90' lang='lat' dir='ltr'><strong>urtiiieaus</strong></span> <span class='ocrx_word' id='word_1_708' title='bbox 624 5064 726 5130; x_wconf 90' lang='lat' dir='ltr'><strong>otunia,</strong></span> <span class='ocrx_word' id='word_1_709' title='bbox 741 5073 768 5121; x_wconf 90' lang='lat' dir='ltr'><strong>et</strong></span> <span class='ocrx_word' id='word_1_710' title='bbox 783 5080 849 5121; x_wconf 89' lang='lat' dir='ltr'><strong>con·</strong></span> <span class='ocrx_word' id='word_1_711' title='bbox 898 5062 1056 5135; x_wconf 88' lang='lat' dir='ltr'><strong>tlaeologieis</strong></span> <span class='ocrx_word' id='word_1_712' title='bbox 1067 5061 1273 5119; x_wconf 84' lang='lat' dir='ltr'><strong>characteribus</strong></span> <span class='ocrx_word' id='word_1_713' title='bbox 1285 5059 1449 5125; x_wconf 78' lang='lat' dir='ltr'><strong>sufficienter</strong></span> <span class='ocrx_word' id='word_1_714' title='bbox 1462 5062 1564 5117; x_wconf 91' lang='lat' dir='ltr'><strong>dietam</strong></span> <span class='ocrx_word' id='word_1_715' title='bbox 1577 5070 1630 5127; x_wconf 88' lang='lat' dir='ltr'><strong>est,</strong></span> <span class='ocrx_word' id='word_1_716' title='bbox 1646 5073 1688 5117; x_wconf 88' lang='lat' dir='ltr'><strong>at·</strong></span> 
     </span>
    </p>

    <p class='ocr_par' dir='ltr' id='par_1_13' title="bbox 51 5150 1687 5225">
     <span class='ocr_line' id='line_1_53' title="bbox 51 5150 1687 5225; baseline -0.001 -17"><span class='ocrx_word' id='word_1_717' title='bbox 51 5154 172 5225; x_wconf 77' lang='lat' dir='ltr'><strong>intigens</strong></span> <span class='ocrx_word' id='word_1_718' title='bbox 185 5168 290 5210; x_wconf 88' lang='lat' dir='ltr'><strong>summa</strong></span> <span class='ocrx_word' id='word_1_719' title='bbox 305 5169 353 5224; x_wconf 89' lang='lat' dir='ltr'><strong>per</strong></span> <span class='ocrx_word' id='word_1_720' title='bbox 369 5155 457 5210; x_wconf 85' lang='lat' dir='ltr'><strong>media</strong></span> <span class='ocrx_word' id='word_1_721' title='bbox 470 5156 604 5221; x_wconf 86' lang='lat' dir='ltr'><strong>summis,</strong></span> <span class='ocrx_word' id='word_1_722' title='bbox 628 5170 677 5225; x_wconf 90' lang='lat' dir='ltr'><strong>per</strong></span> <span class='ocrx_word' id='word_1_723' title='bbox 690 5170 769 5211; x_wconf 90' lang='lat' dir='ltr'><strong>uuam</strong></span> <span class='ocrx_word' id='word_1_724' title='bbox 783 5170 847 5211; x_wconf 89' lang='lat' dir='ltr'><strong>con·</strong></span> <span class='ocrx_word' id='word_1_725' title='bbox 898 5154 1057 5210; x_wconf 88' lang='lat' dir='ltr'><strong>testantium</strong></span> <span class='ocrx_word' id='word_1_726' title='bbox 1081 5154 1160 5208; x_wconf 89' lang='lat' dir='ltr'><strong>nobis</strong></span> <span class='ocrx_word' id='word_1_727' title='bbox 1190 5167 1273 5209; x_wconf 86' lang='lat' dir='ltr'><strong>sacra</strong></span> <span class='ocrx_word' id='word_1_728' title='bbox 1297 5150 1466 5221; x_wconf 85' lang='lat' dir='ltr'><strong>eloquiorum</strong></span> <span class='ocrx_word' id='word_1_729' title='bbox 1500 5152 1687 5222; x_wconf 80' lang='lat' dir='ltr'><strong>intelligentia.</strong></span> 
     </span>
    </p>

    <p class='ocr_par' dir='ltr' id='par_1_14' title="bbox 54 5242 1686 5316">
     <span class='ocr_line' id='line_1_54' title="bbox 54 5242 1686 5316; baseline -0.002 -17"><span class='ocrx_word' id='word_1_730' title='bbox 54 5244 207 5300; x_wconf 86' lang='lat' dir='ltr'><strong>naturalem</strong></span> <span class='ocrx_word' id='word_1_731' title='bbox 222 5246 361 5315; x_wconf 81' lang='lat' dir='ltr'><strong>cortjugata</strong></span> <span class='ocrx_word' id='word_1_732' title='bbox 379 5243 688 5316; x_wconf 86' lang='lat' dir='ltr'><strong>atrticitiam,etperfrui</strong></span> <span class='ocrx_word' id='word_1_733' title='bbox 703 5260 732 5301; x_wconf 93' lang='lat' dir='ltr'><strong>se</strong></span> <span class='ocrx_word' id='word_1_734' title='bbox 745 5246 848 5301; x_wconf 82' lang='lat' dir='ltr'><strong>donatus</strong></span> <span class='ocrx_word' id='word_1_735' title='bbox 898 5245 1030 5314; x_wconf 85' lang='lat' dir='ltr'><strong>Quoniam</strong></span> <span class='ocrx_word' id='word_1_736' title='bbox 1045 5256 1071 5299; x_wconf 92' lang='lat' dir='ltr'><strong>et</strong></span> <span class='ocrx_word' id='word_1_737' title='bbox 1095 5244 1167 5301; x_wconf 91' lang='lat' dir='ltr'><strong>aliud</strong></span> <span class='ocrx_word' id='word_1_738' title='bbox 1191 5259 1234 5298; x_wconf 90' lang='lat' dir='ltr'><strong>mc</strong></span> <span class='ocrx_word' id='word_1_739' title='bbox 1258 5259 1306 5315; x_wconf 89' lang='lat' dir='ltr'><strong>per</strong></span> <span class='ocrx_word' id='word_1_740' title='bbox 1326 5242 1465 5313; x_wconf 89' lang='lat' dir='ltr'><strong>epistolam</strong></span> <span class='ocrx_word' id='word_1_741' title='bbox 1491 5243 1686 5314; x_wconf 84' lang='lat' dir='ltr'><strong>interrogabas,</strong></span> 
     </span>
    </p>

    <p class='ocr_par' dir='ltr' id='par_1_15' title="bbox 54 5332 1689 5406">
     <span class='ocr_line' id='line_1_55' title="bbox 54 5332 1689 5406; baseline -0.003 -13"><span class='ocrx_word' id='word_1_742' title='bbox 54 5336 142 5393; x_wconf 87' lang='lat' dir='ltr'><strong>etiam</strong></span> <span class='ocrx_word' id='word_1_743' title='bbox 166 5334 319 5390; x_wconf 75' lang='lat' dir='ltr'><strong>norisnmis</strong></span> <span class='ocrx_word' id='word_1_744' title='bbox 342 5334 527 5390; x_wconf 85' lang='lat' dir='ltr'><strong>uniuersitatis</strong></span> <span class='ocrx_word' id='word_1_745' title='bbox 555 5332 790 5403; x_wconf 79' lang='lat' dir='ltr'><strong>extremitatibus,</strong></span> <span class='ocrx_word' id='word_1_746' title='bbox 820 5347 848 5392; x_wconf 91' lang='lat' dir='ltr'><strong>et</strong></span> <span class='ocrx_word' id='word_1_747' title='bbox 898 5336 962 5406; x_wconf 92' lang='lat' dir='ltr'><strong>quid</strong></span> <span class='ocrx_word' id='word_1_748' title='bbox 987 5334 1099 5399; x_wconf 86' lang='lat' dir='ltr'><strong>forsan,</strong></span> <span class='ocrx_word' id='word_1_749' title='bbox 1124 5334 1231 5403; x_wconf 92' lang='lat' dir='ltr'><strong>quando</strong></span> <span class='ocrx_word' id='word_1_750' title='bbox 1255 5334 1315 5389; x_wconf 86' lang='lat' dir='ltr'><strong>dieo</strong></span> <span class='ocrx_word' id='word_1_751' title='bbox 1336 5349 1385 5403; x_wconf 91' lang='lat' dir='ltr'><strong>per</strong></span> <span class='ocrx_word' id='word_1_752' title='bbox 1406 5334 1522 5401; x_wconf 90' lang='lat' dir='ltr'><strong>seipsum</strong></span> <span class='ocrx_word' id='word_1_753' title='bbox 1545 5346 1621 5397; x_wconf 88' lang='lat' dir='ltr'><strong>csse,</strong></span> <span class='ocrx_word' id='word_1_754' title='bbox 1640 5348 1689 5403; x_wconf 92' lang='lat' dir='ltr'><strong>per</strong></span> 
     </span>
    </p>

    <p class='ocr_par' dir='ltr' id='par_1_16' title="bbox 55 5422 1687 5500">
     <span class='ocr_line' id='line_1_56' title="bbox 55 5422 1687 5500; baseline -0.002 -17"><span class='ocrx_word' id='word_1_755' title='bbox 55 5429 270 5500; x_wconf 84' lang='lat' dir='ltr'><strong>ourniaooguata</strong></span> <span class='ocrx_word' id='word_1_756' title='bbox 284 5427 385 5484; x_wconf 83' lang='lat' dir='ltr'><strong>faciens</strong></span> <span class='ocrx_word' id='word_1_757' title='bbox 400 5427 546 5483; x_wconf 84' lang='lat' dir='ltr'><strong>unitatibus</strong></span> <span class='ocrx_word' id='word_1_758' title='bbox 559 5428 735 5492; x_wconf 85' lang='lat' dir='ltr'><strong>naturalibus,</strong></span> <span class='ocrx_word' id='word_1_759' title='bbox 748 5427 845 5482; x_wconf 87' lang='lat' dir='ltr'><strong>immu·</strong></span> <span class='ocrx_word' id='word_1_760' title='bbox 899 5424 1016 5493; x_wconf 89' lang='lat' dir='ltr'><strong>seipsam</strong></span> <span class='ocrx_word' id='word_1_761' title='bbox 1030 5424 1130 5488; x_wconf 84' lang='lat' dir='ltr'><strong>ritant,</strong></span> <span class='ocrx_word' id='word_1_762' title='bbox 1150 5438 1198 5493; x_wconf 90' lang='lat' dir='ltr'><strong>per</strong></span> <span class='ocrx_word' id='word_1_763' title='bbox 1209 5423 1325 5494; x_wconf 91' lang='lat' dir='ltr'><strong>seipsam</strong></span> <span class='ocrx_word' id='word_1_764' title='bbox 1341 5422 1512 5492; x_wconf 85' lang='lat' dir='ltr'><strong>sapientiam,</strong></span> <span class='ocrx_word' id='word_1_765' title='bbox 1542 5430 1570 5476; x_wconf 91' lang='lat' dir='ltr'><strong>ot</strong></span> <span class='ocrx_word' id='word_1_766' title='bbox 1587 5424 1620 5476; x_wconf 90' lang='lat' dir='ltr'><strong>ad</strong></span> <span class='ocrx_word' id='word_1_767' title='bbox 1642 5438 1687 5479; x_wconf 90' lang='lat' dir='ltr'><strong>se·</strong></span> 
     </span>
    </p>

    <p class='ocr_par' dir='ltr' id='par_1_17' title="bbox 56 5512 1702 5677">
     <span class='ocr_line' id='line_1_57' title="bbox 57 5512 1702 5588; baseline 0.002 -13"><span class='ocrx_word' id='word_1_768' title='bbox 57 5519 186 5576; x_wconf 85' lang='lat' dir='ltr'><strong>tabililrus</strong></span> <span class='ocrx_word' id='word_1_769' title='bbox 199 5518 382 5582; x_wconf 86' lang='lat' dir='ltr'><strong>societatibus,</strong></span> <span class='ocrx_word' id='word_1_770' title='bbox 397 5517 614 5583; x_wconf 89' lang='lat' dir='ltr'><strong>adunationibus,</strong></span> <span class='ocrx_word' id='word_1_771' title='bbox 628 5517 844 5588; x_wconf 85' lang='lat' dir='ltr'><strong>congregationi·</strong></span> <span class='ocrx_word' id='word_1_772' title='bbox 898 5514 983 5583; x_wconf 89' lang='lat' dir='ltr'><strong>ipsam</strong></span> <span class='ocrx_word' id='word_1_773' title='bbox 998 5512 1254 5577; x_wconf 77' lang='lat' dir='ltr'><strong>dicebasdubilafe.</strong></span> <span class='ocrx_word' id='word_1_774' title='bbox 1278 5513 1413 5581; x_wconf 71' lang='lat' dir='ltr'><strong>d¹¹0m⁰tl⁰</strong></span> <span class='ocrx_word' id='word_1_775' title='bbox 1437 5513 1518 5568; x_wconf 68' lang='lat' dir='ltr'><strong>Diluti</strong></span> <span class='ocrx_word' id='word_1_776' title='bbox 1544 5515 1702 5584; x_wconf 69' lang='lat' dir='ltr'><strong>iiltlttiiidti.</strong></span> 
     </span>
     <span class='ocr_line' id='line_1_58' title="bbox 56 5603 1687 5677; baseline -0.001 -12"><span class='ocrx_word' id='word_1_777' title='bbox 56 5612 121 5670; x_wconf 89' lang='lat' dir='ltr'><strong>bus,</strong></span> <span class='ocrx_word' id='word_1_778' title='bbox 136 5606 349 5677; x_wconf 84' lang='lat' dir='ltr'><strong>inseparabiliter</strong></span> <span class='ocrx_word' id='word_1_779' title='bbox 359 5606 460 5662; x_wconf 90' lang='lat' dir='ltr'><strong>seilicet</strong></span> <span class='ocrx_word' id='word_1_780' title='bbox 476 5606 564 5662; x_wconf 85' lang='lat' dir='ltr'><strong>diuina</strong></span> <span class='ocrx_word' id='word_1_781' title='bbox 580 5620 645 5677; x_wconf 89' lang='lat' dir='ltr'><strong>pace</strong></span> <span class='ocrx_word' id='word_1_782' title='bbox 659 5615 758 5672; x_wconf 92' lang='lat' dir='ltr'><strong>stante,</strong></span> <span class='ocrx_word' id='word_1_783' title='bbox 773 5607 843 5662; x_wconf 89' lang='lat' dir='ltr'><strong>etab</strong></span> <span class='ocrx_word' id='word_1_784' title='bbox 897 5604 1005 5675; x_wconf 88' lang='lat' dir='ltr'><strong>quidem</strong></span> <span class='ocrx_word' id='word_1_785' title='bbox 1029 5604 1116 5675; x_wconf 89' lang='lat' dir='ltr'><strong>ipsum</strong></span> <span class='ocrx_word' id='word_1_786' title='bbox 1130 5603 1215 5663; x_wconf 85' lang='lat' dir='ltr'><strong>uitam</strong></span> <span class='ocrx_word' id='word_1_787' title='bbox 1234 5604 1310 5671; x_wconf 87' lang='lat' dir='ltr'><strong>dieo,</strong></span> <span class='ocrx_word' id='word_1_788' title='bbox 1326 5604 1469 5675; x_wconf 88' lang='lat' dir='ltr'><strong>aliquando</strong></span> <span class='ocrx_word' id='word_1_789' title='bbox 1492 5620 1556 5662; x_wconf 85' lang='lat' dir='ltr'><strong>vero</strong></span> <span class='ocrx_word' id='word_1_790' title='bbox 1577 5622 1624 5677; x_wconf 89' lang='lat' dir='ltr'><strong>per</strong></span> <span class='ocrx_word' id='word_1_791' title='bbox 1642 5622 1687 5663; x_wconf 89' lang='lat' dir='ltr'><strong>se-</strong></span> 
     </span>
    </p>
   </div>
   <div class='ocr_carea' id='block_1_5' title="bbox 97 5714 1033 5862">
    <p class='ocr_par' dir='ltr' id='par_1_18' title="bbox 97 5714 1033 5862">
     <span class='ocr_line' id='line_1_59' title="bbox 387 5714 1033 5787; baseline 0 -18"><span class='ocrx_word' id='word_1_792' title='bbox 387 5784 390 5787; x_wconf 29' lang='grc'><strong>,</strong></span> <span class='ocrx_word' id='word_1_793' title='bbox 690 5716 816 5773; x_wconf 73' lang='lat' dir='ltr'><strong>tautae</strong></span> <span class='ocrx_word' id='word_1_794' title='bbox 833 5714 1033 5777; x_wconf 70' lang='lat' dir='ltr'><strong>cubituum.</strong></span> 
     </span>
     <span class='ocr_line' id='line_1_60' title="bbox 97 5784 751 5862; baseline -0.002 -17"><span class='ocrx_word' id='word_1_795' title='bbox 97 5790 105 5827; x_wconf 86' lang='lat'>¹</span> <span class='ocrx_word' id='word_1_796' title='bbox 126 5788 171 5845; x_wconf 82' lang='lat' dir='ltr'><strong>titt</strong></span> <span class='ocrx_word' id='word_1_797' title='bbox 187 5788 431 5862; x_wconf 81' lang='lat' dir='ltr'><strong>superspeculemur</strong></span> <span class='ocrx_word' id='word_1_798' title='bbox 476 5791 489 5825; x_wconf 82' lang='lat'><strong>¹</strong></span> <span class='ocrx_word' id='word_1_799' title='bbox 506 5784 751 5847; x_wconf 81' lang='lat' dir='ltr'><strong>AEartbstt&#39;tru&#39;tur.</strong></span> 
     </span>
    </p>
   </div>
   <div class='ocr_carea' id='block_1_6' title="bbox 0 0 2089 6625">
    <p class='ocr_par' dir='ltr' id='par_1_19' title="bbox 0 0 2089 6625">
     <span class='ocr_line' id='line_1_61' title="bbox 0 0 2089 6625; baseline 0 0"><span class='ocrx_word' id='word_1_800' title='bbox 0 0 2089 6625; x_wconf 95' lang='lat' dir='ltr'><strong> </strong></span> 
     </span>
    </p>
   </div>
  </div>
 </body>
</html>
