4167 6625
431 374 484 433 era
1129 370 1386 430 toaumsscon
1952 385 1993 444 vn

431 492 498 547 ror?
511 491 569 560 Quo
580 491 639 557 lob,
651 491 697 564 qui
707 490 777 547 dixit
788 508 795 546 :
807 490 906 545 dadila
918 491 990 546 auria
1004 489 1093 544 andivi
1105 499 1139 555 tc,
1150 506 1218 543 nanc
1232 496 1258 555 Α
1271 504 1325 545 non
1338 489 1526 554 deseruerant,
1541 495 1570 544 et
1584 487 1611 543 lo
1626 500 1710 559 quem
1727 487 1802 544 linito
1817 493 1956 560 apparitionis
1968 515 1995 556 sp

431 592 519 635 nalem
530 581 621 635 oculas
631 597 703 636 meaa
713 580 781 635 ridet
793 581 837 634 te?
850 579 909 647 Quo
920 579 1019 647 lloses,
1029 578 1181 635 ascendens
1193 578 1221 633 ln
1270 586 1412 634 eramento
1431 577 1533 633 reversi
1550 583 1623 643 suut,
1636 590 1694 632 nou
1707 576 1841 644 aliorsum,
1853 581 1893 636 sed
1902 583 1923 638 in
1932 586 1994 656 ipnn¹

431 682 549 728 montem
566 671 662 728 Sinai?
685 672 744 740 Quo
758 672 840 728 ceteri
856 673 1016 745 prophetae,
1032 669 1221 743 praevidentes
1270 667 1298 724 io
1316 682 1371 738 quo
1394 676 1422 722 et
1445 681 1507 724 eum
1524 680 1578 737 quo
1592 680 1679 721 unum
1698 675 1772 722 sunt
1792 667 1863 734 Quod
1881 677 1995 742 amusim

432 761 552 819 llerbum
564 763 611 819 bel
627 763 748 819 lncarne
759 771 913 830 venturum,
926 762 1006 834 eique
1019 761 1116 833 spirito
1127 773 1222 816 occur·
1270 759 1452 832 signideatum
1474 769 1517 815 est
1532 773 1582 830 per
1605 759 1739 814 illustres
1754 757 1851 815 deuna
1869 761 1968 835 deipnos
1977 773 1996 828 1„

430 852 545 907 rentes?
561 852 621 919 Quo
634 852 730 909 Petrus
745 861 839 924 raptus
854 861 907 919 est,
919 853 1033 909 llontluo
1046 865 1095 907 suo
1108 864 1222 920 respou-
1271 861 1369 905 arcaoa
1383 847 1631 904 transformationis
1640 847 1664 913 ',
1678 846 1728 917 qui
1750 847 1857 906 elevatis
1868 853 1995 913 aedilm-

429 942 515 997 dens:
535 941 746 998 Tenebrium
760 942 846 999 Filias
859 942 909 998 Dei
922 943 997 998 aial?
1011 939 1221 1009 Quol‘aulusiu
1272 955 1334 996 nem
1345 939 1483 1005 viderunt,
1498 939 1548 995 uisi
1563 939 1655 996 lesum
1679 938 1770 995 solum
1783 940 1805 994 ⁸.
1819 940 1849 996 tu
1860 951 1884 997 ot
1893 946 1995 1007 mulin

429 1030 539 1084 tertium
549 1029 652 1085 caelum
665 1031 832 1087 ascendens?
844 1031 937 1086 Nonne
948 1046 1043 1087 omues
1054 1031 1109 1096 isti,
1119 1043 1223 1087 eorum·
1272 1030 1363 1085 baec⁹
1378 1043 1536 1099 cognoscas,
1547 1028 1606 1099 lepe
1617 1034 1748 1084 sanctum
1760 1026 1996 1108 Ambrosiunlnnps

429 1133 482 1187 qaue
497 1118 598 1174 similes
609 1120 715 1174 obviam
728 1119 836 1176 Christo
845 1119 923 1189 juata
938 1118 1147 1190 uniuscuiusque
1158 1133 1222 1189 pro·
1271 1116 1370 1172 sitione
1384 1117 1411 1170 in
1425 1115 1537 1171 Lucam.
1551 1114 1696 1187 Copnoscc,
1713 1115 1813 1186 inquit,
1823 1117 1996 1181 nalmirranm

429 1210 517 1278 priam
532 1223 736 1265 communemve
750 1211 881 1267 tlreoriam
897 1213 967 1283 rapti
979 1226 1040 1268 eum
1053 1211 1099 1268 illo
1112 1218 1175 1268 sunt
1196 1218 1224 1265 et
1272 1206 1457 1277 semiermium
1471 1222 1527 1261 carc
1546 1208 1675 1260 mantiam
1696 1206 1823 1261 relatam
1834 1208 1915 1264 lanne
1927 1229 1998 1268 canuc·

430 1298 457 1354 in
473 1297 530 1365 illo,
543 1298 570 1353 in
584 1300 717 1370 spirituali
740 1302 803 1356 aere
825 1302 955 1357 virtutum
970 1310 998 1359 et
1019 1301 1224 1372 contemplatio·
1272 1307 1337 1361 tana,
1355 1306 1379 1351 et
1392 1298 1476 1351 coacti
1497 1297 1566 1351 adria
1579 1295 1724 1368 caliginem
1747 1298 1853 1367 piceam,
1868 1316 1915 1369 pm
1926 1303 1998 1357 nup„

357 1443 360 1450 ,
430 1388 518 1442 niam?
543 1387 599 1444 lias
620 1403 715 1444 omncs
729 1390 1004 1459 ceterasquesimiles
1021 1391 1076 1446 et·
1100 1389 1224 1459 intelligi·
1272 1384 1436 1440 tenelrarnm
1464 1386 1572 1441 bonore
1592 1388 1734 1451 calleant,
1759 1386 1806 1441 aed
1825 1386 1911 1442 latitia
1927 1393 1998 1458 ulca,

428 1477 498 1535 biles
512 1479 598 1534 nubes
612 1478 656 1532 illa
671 1479 807 1535 sensibilis
819 1480 904 1535 nubes
925 1481 1136 1552 praefigurabat,
1152 1493 1223 1551 qliae
1272 1491 1339 1545 pane
1351 1491 1398 1530 aas
1412 1491 1464 1530 non
1477 1474 1635 1546 plaaialiloa
1649 1478 1743 1549 anaia,
1757 1477 1998 1536 clamitantium

430 1579 552 1638 tempore
575 1568 743 1623 ascensionis
768 1567 911 1624 Domitium
942 1570 1047 1639 accepit
1080 1570 1115 1625 ab
1138 1567 1224 1624 oculis
1272 1565 1364 1621 iniria
1376 1567 1540 1633 immadidet,
1558 1568 1605 1624 sed
1625 1568 1658 1623 dc
1669 1585 1728 1641 pato
1747 1578 1842 1624 mentes
1860 1570 1997 1626 tonicam

430 1656 635 1727 discipulorum,
655 1657 762 1726 quando
783 1658 903 1714 elevatos
924 1667 966 1714 est
987 1659 1014 1713 in
1034 1658 1148 1714 eaelum.
1164 1656 1223 1714 Non
1272 1655 1322 1711 Ilei
1336 1658 1519 1727 omnipotentia
1534 1660 1629 1714 emisso
1648 1659 1717 1730 fidei
1736 1661 1997 1730 cosummatus

427 1747 501 1803 enim
524 1746 661 1818 indigebat
675 1749 732 1817 ipse
754 1747 893 1816 cirjvvsdam
916 1748 1032 1806 velvicull
1055 1763 1088 1804 ea
1108 1745 1224 1803 nubibus
1272 1762 1332 1812 aaa,
1345 1747 1511 1804 intentarent
1527 1748 1607 1805 leaeo
1619 1750 1704 1806 tolet.
1722 1750 1819 1821 ltopae
1835 1768 1886 1804 cun
1897 1762 1934 1806 tre
1942 1763 1996 1816 net,

427 1838 580 1910 conglobati
608 1839 642 1893 ad
668 1855 697 1895 se
714 1838 907 1895 sublevandum
931 1840 958 1896 ln
977 1841 1050 1896 aeria
1077 1840 1219 1896 aetherea·
1232 1834 1257 1895 B
1270 1849 1338 1891 totu
1359 1846 1396 1891 est
1410 1836 1518 1907 luctu:
1533 1847 1586 1894 tter
1605 1841 1634 1894 ln
1654 1840 1789 1910 μήκείρὶο
1811 1840 1997 1904 vitellium

427 1944 481 2000 que
493 1929 591 2000 spatia,
603 1944 663 1984 cum
676 1929 810 1987 lueritille
821 1939 881 2003 post
892 1933 1118 1989 resurrectionem
1128 1931 1221 2003 purior
1270 1926 1340 1996 fiam·
1357 1928 1487 1997 perfectos
1503 1929 1572 1983 enim
1593 1929 1657 1998 fidei
1675 1945 1762 1984 mam
1791 1941 1858 1984 rant.
1880 1930 1960 2001 &aba
1970 1934 1996 1986 le

426 2020 567 2091 leviorque
582 2021 655 2076 ouini
677 2021 778 2077 visibili
802 2031 830 2077 et
852 2022 979 2080 invisibili
1003 2032 1139 2089 creatura,
1162 2019 1223 2077 nul-
1270 2020 1350 2073 ctiom
1359 2019 1489 2075 Drmiam
1500 2030 1558 2076 orat
1566 2021 1675 2077 Patrem
1687 2023 1724 2091 ¹⁶,
1740 2033 1770 2077 at
1782 2039 1866 2078 annm
1875 2025 1996 2088 ananim

426 2109 538 2181 lamque
558 2111 672 2167 localem
687 2121 791 2167 motum
813 2113 840 2168 io
855 2114 1072 2183 spiritualitatem
1097 2113 1139 2169 sui
1161 2127 1221 2168 cor·
1270 2124 1318 2164 aaa
1331 2107 1417 2164 talam
1428 2107 1531 2180 Moyseo
1544 2119 1569 2165 et
1590 2111 1667 2165 Elios
1681 2113 1712 2166 in
1726 2109 1832 2166 cinus
1846 2113 1995 2174 namnam

426 2202 502 2271 poris
525 2211 588 2271 post
610 2204 844 2272 regenerationem
867 2205 1010 2274 receperit,
1031 2213 1079 2259 aut
1097 2203 1192 2259 siverit
1210 2202 1221 2235 ¹
1270 2198 1350 2253 ctiam
1371 2214 1419 2253 nor
1433 2214 1515 2254 unam
1538 2216 1633 2270 corpas
1649 2199 1753 2255 Cluati
1774 2198 1997 2268 salamantin

426 2306 585 2358 remanere;
604 2294 692 2363 typice
707 2302 797 2348 autem
811 2293 897 2350 voluit
911 2296 967 2351 suis
978 2294 1118 2365 discipulis
1128 2293 1223 2349 visibl·
1271 2298 1397 2359 tanquam
1406 2290 1637 2361 inanocorporc¹¹
1651 2288 1995 2361 recipienturindlriainpn

427 2380 491 2436 liter
503 2381 646 2436 ostendere
662 2381 780 2446 modium,
794 2396 848 2452 quo
862 2381 1034 2438 invisibiliter
1048 2382 1104 2452 lpse
1118 2380 1147 2436 in
1162 2395 1223 2435 cor·
1271 2377 1333 2448 qaia
1346 2385 1371 2430 et
1393 2393 1440 2431 noa
1461 2394 1544 2432 auam
1557 2381 1654 2434 erimar
1668 2381 1697 2434 in
1713 2378 1820 2435 Cincio
1841 2378 1905 2432 lesa
1919 2377 1996 2433 batuli

429 2469 510 2524 dibus
528 2468 697 2540 diligentium
723 2470 947 2540 sequentiumque
962 2484 992 2525 se
1010 2471 1140 2526 ascendit.
1163 2471 1223 2539 lpse
1273 2466 1781 2539 nubibus,inquibusSanetiobviam
1796 2469 1895 2525 cbristo
1905 2468 1994 2538 uulua,

427 2560 562 2629 siquidem
587 2559 709 2614 ascendit
734 2559 761 2613 ln
781 2559 1054 2630 contemplationibus
1075 2561 1224 2617 ascenden·
1272 2563 1339 2619 satu
1358 2573 1401 2619 est
1417 2573 1517 2619 actum.
1544 2566 1597 2620 Sed
1615 2566 1714 2636 nivales
1733 2574 1801 2620 sunt
1820 2564 1896 2619 nobas
1910 2562 1952 2616 illae
1964 2577 1996 2615 aa

430 2651 498 2706 tium
520 2652 553 2706 ad
567 2666 611 2716 se;
633 2650 722 2705 nullus
744 2650 841 2720 quippe
860 2650 893 2704 ad
913 2649 987 2706 illum
1008 2650 1225 2722 sineillopotest
1273 2652 1366 2718 lestes,
1381 2668 1441 2709 com
1455 2653 1554 2724 nivibus
1566 2654 1786 2711 Filiuslrominis
1800 2661 1995 2715 verumutetur·

427 2741 585 2797 ascendere.
598 2740 682 2794 Nono
692 2741 775 2805 eninr,
788 2750 816 2793 ut
828 2739 1100 2810 immitescentium
1110 2739 1222 2807 caelum,
1275 2743 1329 2798 rlto
1349 2743 1500 2813 quaeritur.
1516 2745 1557 2799 Ac
1570 2762 1620 2816 per
1635 2746 1687 2802 boc
1705 2761 1755 2802 eas
1773 2741 1995 2813 vellemquem

426 2833 478 2886 nisi
492 2833 536 2902 qai
548 2831 580 2885 de
600 2829 672 2885 coelo
685 2829 830 2896 descendit,
847 2845 897 2885 nec
909 2829 1013 2886 caelum
1031 2831 1143 2897 deserit,
1159 2831 1224 2886 dum
1274 2831 1375 2886 cursim
1403 2805 1659 2890 edisseram
1668 2833 1763 2894 Nubes
1788 2833 1861 2895 caeli,
1883 2847 1929 2886 con
1943 2829 1995 2898 niba

424 2920 455 2976 in
466 2921 570 2976 sanctis
582 2920 767 2976 intellectibus
780 2935 827 2975 eos
841 2934 933 2977 secum
949 2922 1094 2980 subbvaus
1108 2923 1142 2977 ad
1154 2922 1225 2992 seip-
1274 2920 1359 2977 Filius
1369 2922 1486 2978 bominis
1496 2931 1624 2979 venturus
1634 2933 1677 2980 est
1687 2927 1720 2993 ¹¹,
1735 2940 1790 2981 non
1800 2921 1994 2980 aliasetsedxain

411 3001 489 3068 ‚sum
511 3012 643 3068 ascendit.
658 3011 804 3088 Propterea
820 3012 980 3068 subsecutos
994 3030 1002 3067 a
1016 3011 1115 3078 Filias,
1127 3011 1223 3083 inquit,
1276 3012 1329 3068 nisi
1350 3013 1423 3083 ipsas
1440 3014 1571 3071 caelestes
1602 3018 1785 3082 substantias,
1807 3029 1872 3087 quae
1887 3009 1995 3080 eumd

427 3105 553 3168 taminia,
564 3105 610 3172 qai
624 3104 702 3157 estin
716 3102 910 3167 caclo,eaelum
922 3103 1061 3173 appellans
1073 3103 1191 3165 Patrem,
1204 3115 1221 3156 a
1276 3112 1334 3159 tote
1344 3104 1576 3175 contemplationis
1586 3107 1659 3162 cirea
1673 3107 1814 3164 Christum
1826 3106 1946 3160 volnutor.
1955 3100 1994 3164 lla

408 3231 412 3236 ·
429 3207 485 3262 quo
505 3192 590 3246 exivit
608 3207 657 3276 per
671 3193 898 3260 incarnationem,
912 3204 939 3250 et
952 3195 986 3248 ad
1000 3210 1081 3267 quem
1096 3166 1258 3249 revelatasc
1273 3193 1347 3247 ulam
1361 3208 1427 3248 uero
1446 3194 1750 3264 incomprehensibilem
1767 3198 1886 3265 omnique
1905 3185 1994 3247 iamed

428 3291 491 3355 post
506 3281 516 3313 ⁸
533 3282 769 3336 resurrectionem.
796 3281 954 3352 Ubicunque
975 3285 1047 3340 enim
1070 3286 1082 3318 ⁴
1107 3285 1221 3355 legimus
1272 3281 1434 3339 invisibilem
1458 3299 1590 3340 summam
1603 3301 1636 3342 ac
1658 3296 1786 3344 salictam
1806 3284 1993 3348 Trinitatemllil

429 3375 458 3429 in
468 3371 624 3442 Evangelio,
638 3371 781 3426 [lominum
794 3371 948 3429 sublevasse
957 3374 1051 3431 oeulos
1064 3376 1091 3430 in
1103 3377 1220 3445 caelum,
1272 3384 1381 3445 superat
1401 3390 1508 3431 omnem
1532 3378 1706 3444 intellectum,
1723 3396 1779 3435 non
1793 3396 1840 3450 per
1858 3369 1993 3446 seipsam·

428 3467 538 3523 Patrem
557 3481 636 3520 soum
657 3464 808 3535 intelligere
824 3465 966 3531 debemus,
979 3468 1025 3536 qul
1048 3468 1121 3523 solus
1135 3472 1222 3539 major
1271 3466 1357 3533 olunt,
1371 3466 1418 3522 sed
1435 3468 1462 3522 in
1477 3468 1647 3539 theophaniis
1656 3463 1993 3543 comprehensibililuilim

430 3555 477 3611 illo
488 3564 542 3621 est,
553 3568 586 3610 ea
596 3554 712 3617 ratione,
722 3567 774 3622 qua
785 3553 865 3607 Pater
875 3555 1101 3622 praecedltcausa
1113 3558 1219 3614 tilium.
1270 3557 1503 3622 connaturalibus,
1519 3568 1662 3629 pmptcraa
1677 3563 1765 3618 nubes
1780 3561 1845 3617 caeli
1861 3550 1992 3613 dicunturb

433 3649 533 3707 Tribus
549 3654 639 3702 autem
657 3645 745 3700 modis
765 3645 857 3700 Sancti
879 3646 906 3700 in
919 3645 1038 3715 puritate
1052 3649 1220 3727 contempla·
1270 3647 1338 3717 ipsis
1363 3648 1495 3718 siquidem
1521 3652 1737 3721 apparitionibus
1764 3653 1876 3714 divinis,
1899 3650 1919 3703 lo
1935 3644 1992 3714 pulo

430 3745 512 3802 tionis
524 3759 585 3799 cum
598 3738 706 3799 Curiata
727 3746 753 3796 et
769 3737 796 3797 lu
811 3736 918 3796 cbristo
941 3737 1001 3794 fieri
1023 3738 1220 3811 intelliguntur.
1270 3738 1356 3795 Deum
1372 3741 1471 3806 vident,
1486 3741 1617 3798 caelestes
1628 3745 1798 3799 substantias
1811 3742 1905 3798 nubium
1914 3731 1992 3791 raelaia

428 3836 511 3892 Fiunt
524 3836 597 3891 enim
613 3843 641 3890 et
659 3834 747 3889 adlmc
762 3834 790 3887 io
807 3846 889 3888 earne
908 3829 1023 3898 detenti,
1039 3830 1109 3888 uuna
1129 3848 1145 3888 a
1160 3848 1221 3889 cor·
1271 3829 1401 3886 [lominus
1415 3831 1473 3901 ipse
1486 3832 1659 3901 signiticavit,
1682 3849 1745 3890 cum
1762 3835 1854 3905 quibus
1868 3840 1890 3886 ct
1907 3823 1990 3891 unilt

429 3940 497 3995 pore
511 3925 603 3988 soluti,
619 3925 687 3979 dont
700 3923 859 3993 corporibus
874 3924 1001 3994 receptis.
1019 3923 1120 3979 llorum
1138 3925 1220 3980 trium
1270 3921 1402 3977 adventus
1424 3922 1493 3993 eius,
1510 3923 1561 3979 boc
1581 3933 1634 3992 est,
1646 3927 1799 3997 majestatis
1818 3926 1880 3980 illim
1898 3913 1990 3974 aarum

429 4016 571 4070 modorum
582 4014 801 4068 manifestissima
810 4014 933 4083 exempla
944 4016 971 4068 in
982 4013 1222 4073 transformatione
1271 4011 1395 4067 cornibus
1409 4012 1487 4068 bonis
1497 4022 1525 4068 et
1539 4014 1616 4068 malis
1628 4016 1779 4087 amplitudo
1790 4011 1943 4072 declarabitur.
1951 4001 1988 4054 litt

431 4105 539 4160 Domini
570 4106 598 4159 io
627 4112 719 4160 movile
750 4102 923 4159 manilestata
954 4112 1038 4170 sunt;
1073 4106 1221 4161 viventium
1270 4110 1298 4156 et
1310 4101 1442 4158 caelestes
1458 4106 1626 4161 substantias
1647 4107 1772 4163 localiter
1790 4103 1881 4161 moveri
1897 4088 1989 4167 spiritualia

430 4199 564 4269 siquidem
579 4199 606 4252 in
619 4212 701 4252 carne
718 4196 802 4261 Elias,
815 4194 965 4252 solutorum
980 4197 1218 4270 corporelloyses,
1271 4206 1336 4247 suaa
1359 4201 1471 4247 naturae
1488 4193 1557 4247 nitio
1580 4208 1632 4248 uun
1656 4197 1776 4265 potitum
1804 4196 1920 4248 uiolentur
1936 4188 1988 4273 aelst

431 4287 631 4359 resurgentium
647 4287 704 4357 ipse
719 4284 849 4341 murinus
864 4294 956 4357 typum
971 4286 1105 4356 gestabat.
1120 4285 1222 4342 Resur·
1271 4282 1458 4353 spiritualiter,
1475 4297 1549 4346 curav,
1571 4285 1643 4354 qood
1668 4285 1695 4339 in
1719 4300 1800 4340 causa
1815 4279 1912 4337 omvriuu
1927 4269 1988 4322 tanea

430 4378 561 4434 rectionis
578 4377 711 4446 siquidem
726 4375 848 4430 omnium
867 4374 981 4429 turmam
1001 4376 1028 4429 in
1046 4374 1223 4447 transfigura-
1271 4371 1334 4426 dum
1350 4384 1411 4426 esse
1427 4371 1605 4441 perspiciunt,
1630 4372 1657 4426 lu
1672 4374 1728 4444 ipsa
1742 4364 1987 4438 naturaouaeltlb

429 4467 552 4523 tianesui
562 4465 686 4532 corporis
696 4463 834 4533 discipulis
842 4462 969 4518 osteiidit.
981 4463 1014 4517 Ει
1024 4478 1059 4519 ne
1069 4463 1217 4529 existimes,
1271 4458 1485 4524 administratur,
1509 4469 1537 4514 et
1559 4462 1602 4514 cui
1618 4462 1783 4531 praesident,
1805 4460 1910 4531 peragunt
1925 4445 1986 4507 abne

428 4554 515 4611 Ellam
527 4554 615 4609 adbuc
627 4554 653 4607 iu
665 4566 778 4621 corpore
790 4566 839 4606 suo
851 4550 985 4604 viventem
995 4550 1028 4605 de
1042 4549 1119 4605 locali
1129 4550 1220 4620 aliquo
1272 4564 1322 4607 suo
1338 4550 1416 4606 locali
1427 4560 1455 4606 et
1470 4553 1609 4623 temporali
1626 4563 1712 4621 motu,
1727 4556 1798 4619 luca,
1814 4560 1838 4607 et
1848 4552 1943 4613 trumo,
1953 4544 1987 4586 au

431 4643 570 4712 paradiso,
582 4657 630 4697 seu
644 4640 757 4712 lloysen
771 4639 805 4695 de
815 4640 879 4695 sede
890 4638 980 4710 aliqua
993 4638 1158 4706 animarum,
1171 4654 1219 4696 seu
1272 4641 1382 4711 niaque,
1396 4655 1466 4709 quae
1487 4640 1514 4696 in
1527 4642 1567 4697 eis
1586 4643 1848 4706 circumscribuntur,
1864 4630 1983 4722 disputabitl

430 4741 540 4802 recepto
551 4747 665 4803 corpore
675 4732 709 4785 ad
721 4730 857 4786 Christum
870 4738 933 4785 tune
942 4729 1113 4795 convenisse,
1126 4745 1220 4801 perac-
1271 4728 1403 4784 Dicuntur
1416 4731 1499 4785 etlam
1514 4731 1617 4796 venire,
1630 4733 1738 4801 quando
1750 4734 1777 4789 ln
1788 4731 1867 4799 aliquo
1877 4708 1983 4805 vibilia,

430 4830 513 4891 toque
533 4822 777 4892 transfigurationis
799 4821 928 4893 mysterio
943 4821 978 4876 ad
999 4820 1057 4876 loca
1073 4820 1128 4886 illa,
1147 4820 1219 4875 uode
1269 4821 1398 4891 quidlpui
1411 4830 1483 4888 sunt,
1495 4806 1981 4893 apparent,recedercvern,nnmaut1

430 4921 572 4978 venerant,
587 4927 710 4968 reversos
720 4911 803 4968 livisse
819 4930 826 4965 ι
842 4927 934 4968 verum
948 4912 1138 4989 iucitnctanter
1151 4910 1219 4965 ilde·
1275 4924 1356 4966 seusu
1367 4924 1498 4980 corporeo
1513 4912 1623 4966 omniuo
1636 4924 1816 4968 removemur,
1828 4908 1873 4963 Nec
1882 4910 1902 4954 le
1911 4890 1983 4950 novell

431 5004 547 5076 literque
562 5003 682 5060 credeet
700 5004 829 5075 intellige,
846 5019 898 5059 oon
911 4982 1215 5072 aliunde-processisse,
1273 5003 1421 5072 quoddixi,
1432 5002 1586 5074 spirituales
1596 5004 1762 5060 substantias
1773 4994 1913 5071 temporalem
1920 4988 1981 5039 mauu

436 5095 493 5183 uim
502 5096 536 5150 ab
552 5109 597 5160 eo,
612 5109 674 5150 cum
689 5110 742 5165 quo
768 5102 949 5165 apparuerunt
968 5093 979 5124 ⁸
996 5092 1023 5147 in
1040 5100 1145 5159 moute,
1170 5094 1222 5150 boc
1273 5108 1327 5149 nou
1341 5095 1407 5164 pati,
1423 5095 1485 5150 dum
1499 5105 1609 5155 sauctus
1621 5096 1787 5168 Augustinus
1802 5068 1982 5165 proclamanda*

433 5195 484 5253 cst,
512 5187 539 5242 in
564 5185 728 5242 sublimitate
752 5184 899 5257 spirimalis
919 5184 1042 5251 visionis,
1066 5199 1136 5254 quae
1159 5192 1223 5241 tunc
1272 5183 1357 5238 bean
1373 5185 1429 5239 siue
1446 5185 1503 5239 loco
1528 5196 1552 5240 ct
1576 5196 1726 5256 temporeo
1754 5187 1830 5259 repro
1853 5169 1980 5231 nautarill'

433 5276 505 5333 lacta
516 5287 559 5334 est
570 5287 648 5334 extra
661 5289 911 5345 sensuscorporeos
926 5274 949 5342 ⁶,
963 5283 991 5330 et
1005 5275 1033 5331 in
1051 5289 1116 5345 quo,
1130 5270 1220 5345 prius·
1272 5277 1356 5332 ditum
1384 5292 1443 5330 uero
1472 5278 1594 5346 spiritam
1621 5293 1667 5348 per
1695 5288 1795 5350 temper
1815 5274 1862 5330 sinc
1877 5265 1929 5358 nn
1947 5260 1980 5301 ω’·

434 5380 514 5436 quam
528 5373 701 5438 apparerent,
716 5373 806 5426 erant,
824 5373 957 5434 atquem,
970 5378 1032 5420 cum
1046 5373 1218 5435 apparerent,
1269 5383 1319 5438 pas
1337 5374 1425 5421 nalem
1451 5381 1498 5436 pcr
1523 5366 1610 5422 locum
1626 5377 1651 5422 cl
1669 5375 1770 5439 tempas
1785 5364 1866 5425 alta.
1886 5341 1980 5422 imm

1073 5477 1199 5534 lellrlll
1218 5477 1420 5536 Lectiones.

473 5590 523 5642 'et
551 5590 652 5645 omll
698 5589 869 5645 'Arinereu
907 5586 982 5643 'Sic
1009 5587 1047 5653 m
1062 5582 1116 5643 'CF
1142 5604 1188 5657 per
1217 5589 1453 5645 resurrectionem.
1492 5587 1589 5643 ‘enim
1612 5604 1667 5645 om.
1691 5588 1725 5644 t.
1759 5575 1883 5659 'SltCssi
1899 5567 1974 5627 W*
2012 5568 2013 5611 ¹

433 5671 550 5714 maroni.
586 5660 714 5715 ‘laceat
734 5658 1123 5727 inanitionem—corporeos
1142 5658 1241 5713 amb.
1278 5656 1454 5714 'Sicdffl
1491 5658 1753 5717 'Aaolamlcaam
1788 5626 1973 5711 'Sitifim‘
2012 5638 2013 5667 ¹

435 5725 520 5789 ”tili
537 5728 722 5785 Potrcmorat.
761 5731 781 5762 ¹¹
801 5727 1148 5797 inanocarporcorrl.CF.
1188 5728 1210 5760 ¹¹
1228 5725 1392 5789 erronee
