4167 6625
422 356 492 417 lm
766 382 770 387 ·
932 303 938 320 ⁸
1091 361 1233 423 ioannis
1251 363 1348 424 ecurt
1929 367 1969 428 tttt

421 485 486 536 ante
505 492 586 536 omne
597 485 624 536 et
638 479 725 553 magis
739 493 772 536 ex
788 478 937 550 theologica
951 480 1076 538 oratione
1090 479 1211 538 inclinari
1224 482 1250 545 Α
1262 487 1399 553 potentoru
1421 474 1569 536 bonitatem
1590 471 1697 529 dinnao
1712 469 1971 536 infimitatis-austu

420 577 539 641 oportet,
551 583 605 625 non
617 578 648 625 ut
660 570 799 626 trabentes
815 571 915 641 ubique
927 579 1099 643 praesentem
1108 580 1137 629 et
1146 588 1211 630 nus·
1261 568 1450 627 dominabatur
1466 573 1526 639 post
1550 563 1697 636 theologos,
1712 568 1742 618 ut
1763 562 1972 633 cognosc'a,tlianr

420 674 502 731 quarn
515 658 651 725 virtutem,
666 659 714 716 sed
736 668 767 715 ut
784 660 882 717 dirluis
897 661 1036 717 memoriis
1053 669 1081 717 et
1099 661 1209 718 inuoca-
1260 668 1416 719 sanctorum
1439 658 1580 714 doctorum
1603 660 1676 710 totos
1697 667 1731 709 ex
1751 652 1854 723 populis,
1875 659 1974 712 totum

419 748 539 806 tionibus
560 749 740 821 nosmetipsos
763 749 934 824 injungentes
956 752 982 809 ci
1005 762 1034 811 et
1050 754 1209 811 adunantes.
1260 761 1336 809 stent
1346 750 1503 821 semetipso,
1513 744 1751 803 etadlaudandum
1762 743 1974 816 societatenpatieri,

419 838 455 896 Et
472 840 523 896 boc
545 847 635 897 autem
657 855 743 912 aeque
765 841 921 899 defensione
936 842 1059 916 dignum,
1078 859 1141 913 pura
1154 845 1211 918 glo·
1260 849 1288 899 et
1313 840 1348 897 ab
1371 837 1507 903 omnibus,
1519 831 1618 906 quibus
1642 832 1749 888 auditas
1769 840 1820 895 est,
1840 840 1865 886 et
1887 833 1975 900 rouge

420 931 495 988 rioso
507 930 576 987 duce
590 938 685 987 nostro
701 930 825 988 lerotbeo
836 932 986 1003 theologica
1003 933 1210 1005 diligentissima
1260 931 1385 1005 cognitus
1396 939 1448 996 est,
1461 938 1490 985 et
1507 942 1559 984 non
1579 925 1706 998 cognitus
1728 930 1779 989 est,
1800 920 1848 979 lieo
1860 926 1975 995 accnutt's

418 1020 551 1096 elementa
562 1019 789 1077 excellentissime
805 1032 996 1095 congregante,
1012 1038 1062 1080 nos
1081 1032 1210 1096 unquam
1260 1035 1321 1080 esse
1334 1028 1361 1078 et
1375 1019 1482 1077 divinus
1502 1016 1628 1072 laudator
1646 1013 1791 1086 judicatus.
1810 1011 1840 1066 lit
1851 1013 1976 1082 millite

419 1126 474 1169 non
487 1111 683 1170 sufficientibus
695 1111 760 1176 illis,
773 1112 894 1184 aliasque
906 1123 935 1169 et
947 1123 1118 1186 praesentem
1131 1116 1208 1172 tlreo·
1260 1110 1313 1173 bis.
1327 1124 1398 1182 quae
1414 1107 1451 1164 ibi
1467 1105 1617 1176 theologice
1629 1103 1718 1175 posita
1730 1109 1799 1166 mot,
1812 1100 1898 1157 dicam
1911 1103 1976 1160 birds

418 1199 517 1273 logiam
535 1201 756 1273 conscripsimus.
773 1201 879 1258 Etenim
902 1203 925 1260 si
944 1204 1053 1276 quidem
1067 1204 1113 1262 ille
1134 1206 1212 1263 dein·
1260 1201 1283 1259 si
1294 1216 1347 1257 non
1357 1197 1523 1268 etameipso
1534 1196 1688 1267 eloquerer,
1699 1192 1977 1263 saepescioatsatpana

418 1309 483 1365 ceps
510 1293 623 1349 actitare
647 1307 742 1349 omues
766 1292 931 1364 theologicas
952 1296 1073 1353 actiones
1099 1295 1210 1371 dignum
1260 1290 1390 1363 quasdam
1406 1288 1556 1344 divinarum
1576 1286 1683 1342 illarum
1697 1283 1977 1357 bymuodrmnardnn

417 1382 549 1448 duxisset,
564 1391 592 1438 et
602 1382 712 1453 partitis
739 1382 886 1439 ambitibus
907 1385 1103 1456 pertransisset
1129 1386 1211 1442 totius
1259 1382 1307 1440 Sic
1325 1382 1374 1438 tibi
1388 1379 1487 1437 lestino
1499 1394 1533 1435 ex
1546 1386 1642 1450 parato
1656 1376 1747 1433 divina
1759 1375 1878 1446 persequi.
1888 1375 1939 1432 ltu
1952 1379 1976 1432 ili

418 1474 571 1547 tbeologiac
587 1475 745 1547 capitulum,
767 1490 821 1532 noo
847 1474 974 1534 lortassis
993 1492 1043 1533 nos
1060 1477 1088 1534 in
1107 1485 1209 1534 tautam
1259 1473 1386 1547 mystica,
1398 1478 1426 1527 et
1438 1477 1468 1524 ῑιῑ
1482 1468 1573 1524 multis
1591 1464 1749 1531 ineffabilia,
1763 1472 1790 1521 et
1804 1472 1832 1518 ut
1844 1463 1978 1537 immeriti

418 1574 467 1622 aut
478 1566 622 1633 insaniam,
648 1575 695 1621 aut
718 1566 881 1622 stultitinm¹
901 1568 1065 1635 veniremus,
1082 1577 1209 1640 tanquam
1260 1562 1456 1632 relinquamus,
1472 1560 1530 1629 illie
1543 1557 1635 1613 multis
1648 1571 1716 1613 ⁰⁸⁰⁸
1728 1564 1787 1611 ml
1801 1556 1980 1620 commoneo

417 1654 602 1727 perspicacius
630 1652 720 1708 ilicet
745 1652 863 1709 divinius
886 1654 1045 1712 arbitrando
1068 1655 1210 1728 tbnologiis
1259 1663 1375 1727 guarrtos
1389 1660 1494 1725 poterat
1506 1651 1699 1721 iuetm,quae
1712 1647 1852 1705 secundnm
1868 1657 1980 1712 noste·

417 1744 519 1801 addere
533 1743 748 1809 delectabiliora,
764 1742 832 1800 lraec
846 1743 980 1816 superlluo
993 1745 1124 1812 dicentes,
1139 1763 1171 1804 ac
1186 1748 1210 1804 si
1259 1761 1335 1802 cram
1354 1743 1495 1802 scientiam
1518 1741 1672 1808 adducere,
1686 1741 1820 1811 quomodo
1831 1741 1981 1808 superedictu

417 1832 638 1907 parvipendendo
663 1832 761 1898 adbuc,
783 1842 811 1889 et
831 1832 957 1904 iniuriam
982 1835 1116 1903 iaciendo,
1131 1846 1158 1895 et
1183 1838 1209 1894 io
1223 1840 1248 1901 B
1260 1834 1359 1893 multos
1380 1842 1536 1890 sauctorum
1551 1830 1746 1904 magistrorum
1761 1838 1790 1885 et
1810 1831 1915 1902 temporis
1930 1846 1980 1896 um,

417 1925 578 1997 magistrum
591 1932 619 1981 et
632 1924 751 1980 amicum
770 1924 941 1991 existentem,
957 1934 984 1983 et
999 1942 1049 1984 nos
1062 1937 1122 1999 post
1141 1928 1211 1986 Pau·
1261 1936 1289 1985 et
1311 1927 1410 1983 meotis
1438 1924 1567 1998 puritate,
1593 1933 1622 1979 et
1646 1923 1831 1980 ostensionum
1851 1923 1982 1995 eligamur

417 2013 475 2070 lum
489 2013 609 2070 divinum
633 2012 660 2068 in
685 2012 756 2069 illius
781 2013 898 2086 eloquiis
914 2013 1035 2081 luminati,
1050 2015 1212 2090 gloriosissi·
1262 2018 1363 2076 ceteris
1386 2017 1473 2074 sacris
1494 2014 1673 2072 orationibus.
1699 2013 1793 2084 ltaque
1814 2028 1943 2084 nequaquan
1957 2013 1983 2066 at

417 2119 491 2160 mam
521 2102 580 2173 eius
605 2111 633 2158 et
659 2103 914 2175 contemplationem
937 2116 965 2162 et
994 2107 1211 2179 explanationem
1261 2109 1371 2182 qnando
1384 2109 1418 2164 ad
1440 2107 1479 2164 sic
1499 2121 1627 2179 magnum
1653 2104 1741 2162 solem
1760 2105 1983 2161 eoouadioereurati

417 2194 620 2265 nobismetipsis
643 2194 836 2268 subripientes.
857 2195 910 2253 Sed
935 2200 1063 2269 quoniam
1086 2203 1211 2269 veritate,
1261 2215 1394 2257 memus.
1421 2197 1467 2254 Sic
1494 2197 1566 2253 enim
1593 2197 1775 2268 nosmetipsos
1809 2194 1985 2250 constitaintstt

417 2284 589 2356 quaediviua
612 2292 685 2351 sunt,
704 2284 821 2355 pretiose
839 2286 1013 2346 introducens
1034 2289 1091 2356 ille,
1106 2293 1214 2364 conspi-
1262 2292 1450 2365 eognovimus,
1468 2298 1598 2361 utreque
1620 2287 1788 2345 sufficienter
1799 2285 1922 2357 intelligere
1931 2283 1985 2338 udi

417 2388 485 2429 cuas
502 2372 581 2429 nobis
605 2373 776 2432 leuntiioncs
794 2377 931 2448 exposuit,
951 2385 979 2434 et
998 2377 1026 2434 io
1049 2394 1104 2435 uno
1127 2380 1212 2436 multa
1262 2382 1326 2440 bilia
1350 2380 1440 2437 diviua
1455 2380 1605 2450 capiamus,
1626 2392 1718 2449 neque
1741 2385 1772 2431 ut
1792 2371 1985 2431 inedibilrdrira

417 2464 551 2526 nurbicns,
574 2473 653 2536 prout
673 2465 802 2536 possibile
825 2466 915 2532 nobis,
939 2475 967 2522 et
988 2467 1044 2534 bis,
1058 2468 1213 2542 quicunque
1263 2471 1424 2543 cognitionis
1444 2469 1525 2526 liceat
1540 2470 1630 2527 dicere
1644 2476 1674 2524 et
1693 2478 1838 2538 exponere.
1855 2463 1986 2535 boussut·

418 2563 482 2610 sunt
496 2554 643 2609 secundum
655 2569 704 2610 nos
716 2555 847 2626 magistri,
861 2571 946 2627 nuper
959 2557 1141 2629 perfectarum
1153 2559 1212 2615 ani·
1263 2563 1420 2629 existentes,
1432 2561 1583 2618 deserimur
1594 2559 1751 2616 divinorum
1763 2557 1873 2613 virorum
1881 2553 1985 2624 trunti·

417 2660 526 2701 marum
535 2642 635 2713 iubens
649 2646 767 2715 aperire,
777 2654 805 2701 et
819 2644 974 2704 discernere
987 2648 1212 2705 nobiscorumen·
1264 2670 1325 2711 cam
1335 2655 1477 2710 veritatem
1487 2654 1614 2720 scientia,
1624 2649 1887 2723 quiaornninoetiara
1896 2648 1986 2716 ialam

420 2734 533 2792 surabili
570 2750 696 2792 sermone
727 2737 889 2806 conspicuos
926 2746 952 2793 et
982 2747 1107 2809 potentes
1134 2739 1214 2796 intel·
1265 2745 1446 2801 abundantem
1459 2743 1583 2799 timorem
1593 2740 1731 2807 venimus,
1746 2753 1831 2811 neque
1841 2734 1986 2794 mmmaudn

418 2811 630 2885 ¹ectualissimae
650 2829 700 2884 viri
723 2829 794 2886 illius
810 2829 917 2887 virtutis
935 2830 1073 2886 ambitus:
1087 2839 1115 2887 et
1134 2846 1215 2901 saepe
1265 2847 1312 2893 eur
1326 2837 1417 2893 dicero
1431 2836 1495 2907 quiid
1510 2839 1544 2891 oo
1555 2833 1644 2891 divina
1656 2828 1918 2905 phitonopbia,slnen
1931 2840 1986 2881 ectr

419 2928 553 2978 nosettu
568 2921 625 2991 ipse
639 2919 666 2975 in
680 2919 904 2977 bocexhortatus
918 2919 1214 2990 es,ctlibmmipsum,
1265 2929 1329 2985 dnm
1354 2927 1520 2985 inimieorum
1546 2926 1731 3000 percepimus,
1747 2923 1988 2992 sicnonoportttrtr

420 3021 452 3067 ut
464 3009 693 3084 superexrltaturn
712 3012 850 3068 remisisti.
874 3011 1021 3082 Propterea
1041 3020 1069 3067 et
1090 3027 1140 3068 uos
1152 3026 1215 3068 eom
1265 3022 1415 3093 oeppongm
1443 3020 1596 3077 divinornm
1631 3018 1818 3091 mirionum
1850 3006 1988 3086 negligendi

421 3106 541 3177 quidem,
563 3111 594 3159 nt
616 3104 797 3176 perlectorum
818 3113 847 3162 et
867 3103 1067 3161 lrouorabilium
1087 3119 1214 3161 sensuum
1266 3113 1319 3168 ιω
1332 3126 1381 3167 „03
1393 3111 1545 3167 nocuerunt
1557 3124 1610 3166 non
1631 3107 1722 3165 solum
1740 3106 1818 3178 juxta
1831 3112 1988 3168 naturanappr

421 3197 592 3265 magistrun,
608 3197 661 3262 urs,
678 3197 723 3267 nui
738 3212 820 3267 saner
834 3195 934 3253 mutuos
948 3204 1212 3268 sunrsegreganm,
1227 3194 1251 3260 c
1266 3204 1331 3259 crtus
1350 3202 1502 3258 animorum
1524 3200 1680 3257 amittitur
1691 3214 1804 3272 semper
1818 3196 1905 3262 tuton.
1915 3190 1989 3262 aaut

314 3328 319 3339 .
420 3285 504 3344 ueluti
519 3286 651 3358 quaedam
662 3287 780 3344 secunda
791 3287 908 3359 eloquia,
924 3294 951 3344 et
965 3286 1020 3344 beo
1033 3294 1129 3343 unctos
1149 3301 1214 3344 con·
1265 3291 1510 3365 supernaturalium
1523 3291 1764 3365 conuuplattone.
1775 3291 1822 3348 sed
1834 3296 1860 3346 et
1874 3288 1920 3359 ipsa
1929 3282 1990 3338 dinu-

421 3386 589 3449 sequentem.
605 3376 652 3433 llis
671 3386 778 3445 autem,
792 3380 837 3449 qui
851 3379 996 3435 seeundum
1008 3393 1058 3434 nos
1070 3386 1140 3444 sunt,
1152 3393 1215 3448 pro-
1265 3401 1325 3442 rum
1349 3385 1438 3457 legum
1461 3384 1568 3458 egregia
1595 3383 1737 3455 dispositio
1758 3401 1765 3439 r
1787 3397 1819 3439 es
1843 3378 1935 3451 guidem
1952 3384 1990 3443 pn

308 3544 315 3555 ι
421 3470 612 3545 portionaliter
633 3470 711 3529 nobis
733 3486 782 3526 nos
807 3470 896 3526 diviua
920 3470 1067 3527 trademus.
1090 3468 1119 3524 st
1141 3469 1214 3525 eninr
1265 3490 1346 3548 super
1363 3490 1412 3531 nne
1426 3483 1500 3542 cunr,
1515 3469 1991 3543 &pellensmpiiumpertnremrtrr

420 3560 605 3635 perlectorum
618 3569 661 3617 est
673 3561 758 3617 solida
771 3576 833 3618 esca
846 3575 871 3629 ⁸,
883 3561 929 3617 tali
945 3578 992 3617 esu
1006 3561 1076 3617 aliua
1095 3568 1215 3632 quautm
1265 3580 1315 3637 per
1337 3565 1506 3635 dignitatem,
1526 3573 1552 3619 et
1570 3571 1600 3619 ut
1623 3562 1802 3634 impossibilia
1821 3557 1917 3615 :omnia
1933 3558 1991 3611 auin.

422 3654 505 3712 suerit
517 3652 709 3724 perfectionis?
733 3652 816 3710 Recte
839 3653 949 3721 igitura
966 3653 1045 3709 nobis
1065 3663 1093 3709 et
1115 3667 1214 3709 conve·
1265 3668 1442 3727 quaecunque
1454 3669 1470 3708 a
1483 3653 1563 3709 nobis
1572 3660 1739 3724 appetuntur
1755 3661 1783 3707 et
1796 3643 1992 3709 donimandisam

422 3744 593 3801 pientissima
620 3743 671 3799 lunc
692 3744 793 3799 dictum
818 3751 870 3805 est,
894 3756 942 3813 per
967 3742 1084 3813 seipsam
1107 3741 1215 3812 quidem
1266 3753 1369 3801 attente
1385 3745 1531 3815 imperans,
1547 3751 1575 3800 et
1589 3743 1649 3799 aliis
1663 3743 1796 3799 diuinitus
1812 3739 1913 3796 tradere.
1928 3727 1992 3798 unni

422 3835 660 3905 contemplativam
684 3833 858 3890 invisibilium
882 3832 1051 3904 eloquiorum
1071 3832 1214 3900 visionem,
1267 3846 1312 3894 tur
1324 3845 1352 3893 et
1366 3850 1414 3891 nos
1424 3834 1510 3901 suasi,
1524 3841 1552 3890 et
1565 3833 1599 3889 ad
1616 3832 1774 3905 possibilem
1794 3831 1924 3887 divinornm
1938 3823 1992 3877 inm·

422 3935 452 3982 et
465 3925 666 3998 rorrspectlram
682 3942 775 3983 eorum
786 3926 947 3994 doctrinam,
961 3924 1128 3982 honorabilis
1143 3925 1215 3981 indi·
1268 3926 1368 3982 tionem
1383 3924 1537 3980 laborantes
1546 3934 1593 3979 ant
1604 3922 1792 3984 formidantes,
1807 3909 1992 3976 mucronato

424 4030 489 4088 gere
506 4017 631 4083 virtutis;
654 4016 682 4072 in
715 4018 767 4073 boc
790 4024 881 4073 autem
903 4015 1047 4073 terentium
1072 4017 1216 4072 verborum
1268 4025 1309 4073 tes
1335 4016 1362 4070 in
1388 4024 1510 4071 nostrum
1532 4013 1643 4070 meliora
1659 4014 1793 4084 aspicere,
1817 4007 1932 4079 irradiatos
1947 3999 1993 4055 rest·

424 4107 565 4163 scieotiam
581 4117 610 4162 et
627 4106 795 4177 disciplinam
811 4109 961 4164 minoribus
973 4108 1217 4163 devotisctsacra-
1268 4122 1352 4178 querc
1371 4121 1424 4162 non
1438 4107 1613 4172 sustinentes,
1638 4105 1665 4161 in
1692 4100 1905 4161 conscribendum
1924 4096 1993 4150 narmi

428 4196 464 4252 tis
484 4198 640 4253 conuenire.
660 4198 743 4267 ararat
766 4205 794 4253 et
811 4196 862 4253 boc
888 4198 966 4253 nobis
980 4199 1151 4263 observatum
1177 4206 1218 4253 cst
1269 4202 1342 4274 ipsos
1360 4200 1544 4272 perduximus,
1560 4214 1660 4255 norum
1681 4199 1791 4270 quidem
1808 4195 1869 4253 nibil
1881 4189 1993 4249 turudum

426 4290 505 4347 valde
519 4289 665 4346 modulose.
690 4288 783 4360 baque
806 4290 866 4359 ipso
891 4289 983 4345 divino
1000 4273 1068 4344 duce
1081 4287 1157 4358 irrata
1172 4304 1220 4343 cx·
1269 4294 1410 4360 audentes,
1431 4290 1617 4348 subtilioribus
1640 4299 1731 4347 autem
1752 4299 1781 4347 et
1801 4288 1927 4346 secundun
1941 4286 1994 4352 pam

425 4383 592 4455 pressionem
622 4379 737 4436 lucidant
767 4380 835 4436 bene
863 4379 998 4444 discretis,
1023 4378 1218 4434 nihilomnino
1270 4384 1389 4456 singulas
1423 4383 1697 4453 interrogationibus,
1724 4397 1796 4454 quae
1820 4376 1935 4453 praeclare
1952 4372 1993 4425 didi

426 4471 620 4543 injungendum
638 4485 755 4542 unquam
770 4470 804 4526 ad
816 4469 988 4541 tautologiam
1002 4470 1028 4524 ln
1046 4470 1175 4540 propositi
1186 4468 1220 4523 ab
1270 4487 1334 4533 supi
1348 4491 1411 4533 vere
1425 4478 1459 4531 ,ip
1475 4476 1609 4541 lemano,
1625 4476 1810 4531 discememeg
1820 4480 1845 4529 οι
1860 4468 1993 4542 exprimento

426 4578 460 4617 co
473 4562 571 4630 eloquii
586 4560 810 4633 explanationum.
828 4560 960 4628 eroniam
973 4567 1072 4615 etcum
1085 4561 1150 4631 ipsis
1164 4560 1219 4614 oco
1235 4557 1259 4616 D
1534 4605 1733 4664 CAHTULUM
1751 4607 1785 4664 Ν

427 4652 638 4724 acceptabilibus
649 4649 1218 4719 nostrissummissacerdotibus-quarrdo
1788 4645 1795 4658 '

429 4752 457 4796 ct
471 4760 530 4807 viris,
547 4753 575 4797 ut
589 4744 758 4806 aestimatur,
773 4752 801 4798 et
815 4751 854 4806 tu,
870 4752 898 4798 ct
910 4743 986 4798 rnrrlti
1003 4752 1158 4798 surrctoruru
1171 4757 1219 4796 no-
1272 4737 1335 4794 Den
1352 4740 1426 4803 timo,
1439 4737 1547 4804 larninc,
1562 4740 1639 4803 bonu,
1653 4755 1752 4804 amors,
1764 4735 1866 4798 eustasi,
1876 4718 1993 4798 utamini·

429 4840 548 4886 strornm
576 4831 689 4887 lratrum
714 4833 741 4887 in
765 4826 896 4889 visionem
917 4833 998 4887 vitant
1021 4833 1173 4888 inclinantis
1192 4841 1220 4887 et
1307 4811 1405 4890 ”mmm
1421 4825 1502 4879 ΜΨ
1517 4806 1553 4873 3⁹·
1574 4824 1760 4880 Monaesen,
1782 4806 1847 4880 pund
1863 4812 1904 4865 ert,
1919 4801 1993 4863 mun

430 4927 516 4982 ileum
538 4927 691 4996 recipientis
709 4929 832 4997 eorporis
853 4928 1048 4992 convenimus;
1063 4928 1156 4981 aderat
1174 4941 1221 4980 an·
1307 4879 1487 4934 ⁰³⁸⁸ae⁸⁸⁸⁶⁸⁸⁸

432 5024 487 5071 tem
501 5023 529 5070 ct
550 5015 597 5070 bet
620 5015 704 5071 trater
716 5016 843 5083 lacobus,
860 5028 887 5073 et
901 5015 996 5073 Petrus
1008 5026 1102 5072 vertex
1123 5025 1149 5072 et
1171 5016 1220 5072 luo·
1310 5007 1339 5063 Si
1352 5008 1521 5064 commodum
1533 5022 1608 5080 ergo,
1621 5008 1648 5063 in
1660 5022 1720 5065 eam
1732 5008 1787 5080 iam
1800 5012 1907 5061 sermone
1918 4990 1992 5091 W

432 5106 630 5164 norubilissima
646 5106 828 5178 theologorum
844 5109 1001 5163 summitas:
1015 5108 1112 5163 deinde
1122 5107 1222 5177 placuit
1274 5101 1486 5159 nominationem
1503 5100 1660 5167 redeamus,
1674 5114 1755 5171 quam
1769 5103 1864 5153 mmote
1875 5084 1993 5150 matildi*

432 5198 649 5273 postvisionenr
679 5196 790 5251 nudare
813 5209 934 5251 summos
957 5195 1112 5252 sacerdotes
1142 5193 1223 5250 simul
1274 5193 1431 5265 perdivinae
1444 5190 1538 5246 deitati
1559 5191 1595 5245 ab
1606 5190 1731 5246 omnibus
1748 5191 1886 5261 segregant,
1898 5176 1966 5273 lwl·
1975 5170 1993 5214 '¹

433 5307 537 5360 omnes,
550 5288 684 5364 qrromodo
699 5287 883 5360 unusquisque
897 5297 957 5345 erat
971 5286 1093 5352 idoneus,
1107 5285 1221 5342 multum
1276 5285 1405 5350 arbitror,
1419 5282 1539 5341 divinam
1558 5282 1783 5339 subsistentiam¹
1797 5277 1921 5337 bonitaten
1934 5262 1984 5317 llll

1074 5421 1202 5480 vaurts
1219 5415 1418 5479 mutones

473 5547 483 5579 ¹
500 5545 546 5601 ΑΕ
561 5546 589 5601 in
606 5556 710 5602 tanturn
724 5554 770 5603 ant
784 5545 888 5601 insanin
903 5551 950 5599 aut
965 5540 1088 5598 strtltitin.
1125 5540 1137 5575 ⁸
1155 5534 1407 5604 Bthrrtrtrntcsr.

1192 5643 1315 5706 borno.

475 5767 488 5798 ι
508 5754 589 5813 ttctr.
610 5754 643 5809 V.
