4167 6625
90 383 145 444 rur
309 370 312 374 ’
480 382 552 459 Αιιι
568 381 739 442 onrsrour
757 382 934 443 aaronis.
953 411 990 425 -
1006 378 1111 438 unsa
1128 377 1290 441 annuos.
1665 356 1738 467 rsr‘·

92 511 186 557 suanae
203 494 366 555 muraenis
385 492 508 571 angelica
521 494 671 563 substantia
686 493 795 551 relictae
814 501 877 549 sunt
889 501 915 560 Α
927 494 1009 561 lium,
1029 508 1107 550 suam
1128 492 1368 551 rationabilitatem
1387 508 1442 553 ttoa
1454 492 1599 564 tuamne
1617 499 1724 579 nutrit,¹

93 590 142 645 bae
164 585 387 661 nauticationes,
412 587 502 645 anima
531 585 654 642 videlicet
679 585 829 651 rationalis,
849 593 876 641 et
926 594 954 643 et
967 598 1048 658 anger
1060 586 1071 619 ⁸
1085 600 1183 658 corpus
1209 600 1299 649 sunm,
1318 593 1347 640 ut
1366 585 1427 652 illa,
1447 601 1518 659 qnae
1531 598 1718 657 consuescet,

93 679 179 750 imago
196 678 255 733 Ilei.
274 677 468 751 lrrationabilis
490 684 579 733 autem
595 676 650 731 vita
666 676 793 731 dividitur
817 677 826 707 ¹
849 675 876 730 iu
925 674 1078 759 herbasque
1089 688 1121 730 ac
1139 673 1214 747 ligna,
1225 682 1365 744 penetratt
1380 674 1479 747 ubique
1492 678 1519 735 in
1532 693 1562 735 se
1574 677 1633 753 ipsa
1647 687 1721 749 tota.

92 783 161 831 cam,
181 780 251 837 qnae
266 781 375 821 sensum
388 764 541 837 participat,
561 765 641 835 inque
664 780 737 830 eant,
760 778 830 835 quae
843 780 876 820 co
926 775 954 822 ct
975 766 1003 820 in
1021 766 1147 821 omnihus
1160 772 1233 833 tota,
1257 774 1329 822 totos
1343 780 1440 823 sensus
1462 783 1527 844 spos
1542 769 1669 829 custodit.
1689 766 1727 829 la'

95 842 173 914 sares
188 857 221 911 m
234 870 286 911 una
300 856 409 945 ‘Qu‘
422 856 547 912 omnibus
564 856 724 931 animalibus
743 856 876 913 sentiendi
925 840 1032 911 ossibus
1047 870 1123 925 ergo,
1137 865 1164 912 ct
1182 854 1326 927 unguibus,
1343 866 1374 917 et
1384 832 1555 928 capillis'uim
1566 860 1724 932 germinalis

92 946 215 1000 virtutem
230 944 394 1001 habentibus
406 944 585 1011 distribuitur,
608 946 693 1002 alteru
714 962 778 1002 aero
803 948 877 1029 omni
926 946 1000 999 ritae
1014 945 1119 1015 aperit;
1140 961 1208 1017 quae
1227 955 1317 1017 partes
1337 948 1421 1005 nostrl
1441 949 1579 1020 corporis,
1593 951 1721 1021 quoniam

92 1052 168 1095 sensu
182 1037 340 1094 carentibus
362 1038 498 1124 materiis,
513 1052 582 1108 quae
595 1022 792 1109 species'ri‘tae
812 1030 876 1115 herss
926 1038 983 1094 aeri
996 1038 1104 1110 perviae
1116 1052 1168 1094 non
1186 1047 1258 1117 sunt,
1271 1038 1488 1096 uullnmsensnrn
1503 1039 1676 1111 participant.
1690 1041 1724 1103 la

68 1128 184 1185 ¹barum
199 1126 388 1199 lignorumque
413 1127 744 1200 dominari·perhibetur,
761 1138 788 1187 et
808 1128 877 1183 intra
926 1128 1144 1198 quinquepertito
1169 1142 1296 1184 sensnum
1331 1129 1512 1186 instrumento
1542 1130 1722 1193 irrationabili

91 1233 169 1289 qnam
188 1218 291 1274 nullam
309 1218 427 1291 speciem
440 1219 511 1274 uitae
532 1219 602 1275 ratio
625 1219 737 1276 invenit.
761 1220 878 1277 Proinde
926 1216 998 1275 vitae
1016 1219 1215 1291 communicat,
1230 1235 1299 1291 quac
1319 1220 1477 1276 animalium
1497 1222 1603 1280 ratione
1622 1239 1719 1305 caren-

92 1319 194 1369 crcatae
208 1310 282 1366 ritae
295 1319 425 1381 quattuor
440 1298 607 1366 differentiae
627 1309 654 1365 iu
672 1318 798 1381 quattuor
817 1325 878 1382 spe-
927 1310 993 1367 tium
1008 1312 1117 1383 propria
1131 1311 1264 1368 subsistit.
1278 1312 1307 1367 ln
1324 1308 1367 1368 bis
1378 1310 1504 1368 omnibus
1519 1328 1568 1383 per
1586 1328 1616 1370 se
1632 1314 1719 1387 ipsam

93 1401 178 1458 debus
198 1400 387 1473 colliguntur:
412 1399 602 1455 intellectualis
623 1399 650 1455 in
668 1398 779 1472 angelis,
797 1400 868 1455 ratio
926 1388 1051 1474 quamuis
1064 1416 1145 1473 saepe
1159 1402 1382 1459 irrationabiliter
1390 1411 1542 1472 moveatur,
1557 1406 1661 1463 ratione
1671 1422 1720 1465 sua

93 1493 155 1549 natis
165 1491 176 1525 ⁸
187 1492 215 1547 in
228 1491 394 1561 bominibus,
406 1489 538 1547 sensualis
549 1490 578 1557 in,
597 1488 702 1555 bestiis,
714 1488 878 1544 insensualis
926 1488 1022 1547 carere
1041 1500 1137 1546 natura
1161 1507 1215 1548 noo
1233 1493 1307 1550 sinit.
1322 1490 1408 1549 Oinoe
1429 1501 1535 1559 autem,
1549 1495 1621 1567 quud
1633 1503 1722 1567 puteat

90 1584 116 1640 in
131 1581 299 1651 germinibus
316 1581 470 1652 ceterisque
484 1578 652 1649 corporibus,
666 1577 693 1633 in
708 1579 805 1648 quibus
820 1579 877 1637 sols
926 1591 1035 1655 praeter
1056 1581 1106 1637 bas
1127 1582 1279 1652 praedictas
1295 1582 1424 1650 uirtutes,
1448 1582 1601 1643 rivillrandi
1620 1586 1723 1651 scilieet

91 1673 190 1744 specics
209 1671 354 1745 vestigium
369 1662 442 1726 ritae
459 1668 738 1734 manifestat,utsunt
751 1678 878 1739 quattuor
928 1674 1119 1745 nutriendique
1146 1689 1179 1730 ae
1201 1674 1333 1730 sentiendi
1356 1691 1405 1746 per
1430 1690 1543 1743 masos,
1567 1676 1624 1733 site
1645 1687 1722 1759 aput,

91 1765 177 1819 mundi
200 1762 348 1827 elementa,
370 1762 426 1816 sire
455 1758 586 1830 simplicia
617 1760 738 1830 simper
759 1775 799 1826 sc,
821 1761 878 1815 sire
928 1763 986 1819 sire
1000 1764 1127 1834 patiatur,
1141 1775 1219 1820 extra
1231 1780 1331 1837 corpus
1341 1781 1418 1821 sunm
1433 1781 1514 1839 agere
1525 1767 1567 1823 acl
1580 1770 1635 1839 pati
1649 1780 1724 1826 reeta

91 1853 234 1923 composita
251 1867 260 1905 ε
277 1859 376 1905 terram
395 1848 465 1916 dico,
479 1864 589 1919 aquam,
603 1857 631 1905 et
644 1849 655 1881 ⁸
670 1864 744 1917 aera,
757 1850 879 1905 aethera·
892 1844 917 1907 B
931 1854 1037 1911 ratione
1046 1855 1227 1926 cognoscitur.
1240 1854 1289 1911 llis
1301 1856 1392 1927 itaque
1403 1856 1436 1912 de
1448 1857 1623 1913 divisionibus
1636 1858 1724 1931 deque

91 1954 149 2011 quc.
169 1940 333 2011 Acperboc
353 1938 554 1994 necimmerito
569 1936 761 1995 dicitnrbomo
777 1949 880 1994 creata·
929 1944 1089 2001 differentiis
1120 1945 1341 2017 generalissimae
1365 1947 1436 2001 vitas
1462 1950 1644 2021 praecognitis
1687 1951 1722 2007 ad

90 2002 308 2084 scammis
323 2027 441 2097 officina,
456 2028 584 2097 quoniam
601 2027 628 2082 in
645 2028 704 2098 ipso
720 2027 880 2084 universalis
930 2035 1087 2107 praedictae
1097 2032 1263 2105 quaestionis
1274 2037 1483 2104 reserationem,
1498 2047 1628 2110 qnantum
1645 2041 1725 2097 dator

89 2127 213 2176 creatura
234 2120 397 2176 continetur.
421 2116 548 2190 lmelligit
572 2120 681 2190 quidem
704 2130 735 2177 ut
756 2121 879 2194 angelus,
930 2126 1010 2180 nohis
1023 2124 1152 2195 intelligi,
1168 2127 1326 2193 redeamus,
1339 2129 1467 2199 qnoniam
1482 2128 1567 2199 ipsius
1581 2114 1741 2193 occasione⁸

91 2209 312 2266 nundinatores
326 2194 417 2275 homo,
431 2211 514 2267 sentit
536 2219 566 2266 ut
587 2212 686 2267 animal
713 2212 879 2281 irrationale,
929 2218 998 2272 haec
1011 2217 1044 2272 dc
1055 2214 1172 2290 generali
1185 2217 1273 2273 anima
1288 2233 1335 2274 seu
1350 2221 1405 2274 vita
1419 2218 1579 2290 interposita
1593 2232 1666 2277 sunt.

89 2301 152 2355 sirit
166 2308 195 2353 ut
205 2314 332 2373 germen,
347 2316 461 2373 corpore
471 2300 615 2372 animaque
634 2303 767 2369 subsistit,
782 2304 881 2362 nullius
946 2316 947 2321 ’
965 2306 1010 2364 38.
1031 2308 1079 2363 Est
1091 2308 1162 2363 enim
1177 2309 1344 2378 quaesitum,
1361 2324 1445 2379 qnare
1460 2311 1486 2364 in
1502 2311 1631 2382 operibns
1644 2320 1725 2384 quat·

90 2400 226 2447 creatnrae
253 2405 359 2461 expers.
374 2389 457 2446 Extra
480 2390 547 2446 haec
566 2392 640 2447 enirn
662 2391 763 2448 nullam
778 2404 882 2451 creatu·
932 2396 994 2457 tuor
1006 2400 1220 2472 primordialium
1233 2400 1338 2456 dierum
1354 2401 1453 2457 uirilius
1466 2404 1539 2458 ritae
1556 2418 1603 2459 sen
1616 2405 1724 2463 animae

90 2497 144 2537 rant
161 2483 282 2538 invenis.
297 2480 351 2539 Sed
371 2482 495 2539 fortassis
507 2483 568 2555 quis
581 2483 690 2553 dixerit,
710 2486 881 2545 haecomnia
931 2493 1151 2548 commemoratio
1175 2491 1245 2546 iacm
1271 2493 1322 2558 sit,
1344 2493 1440 2563 quinto
1460 2505 1549 2555 antem
1569 2497 1612 2552 dle
1633 2498 1724 2557 subito

91 2570 220 2643 inangelo
233 2585 347 2643 quoque
367 2573 511 2629 contineri.
525 2561 574 2628 tint
590 2577 751 2645 respondeo,
770 2591 880 2635 sensum
932 2564 1076 2651 erumpens
1100 2581 1240 2652 Scriptura
1265 2600 1271 2636 :
1296 2580 1471 2649 Producant,
1498 2584 1602 2657 inquit,
1641 2606 1726 2667 upum

91 2663 253 2719 annualibus
281 2663 453 2719 distributum
474 2679 527 2719 non
554 2681 634 2736 posse
656 2666 813 2734 subsistere,
829 2671 880 2725 nisi
931 2673 1021 2743 reptile
1041 2673 1144 2728 nninrnc
1163 2674 1280 2728 uocantis.
1310 2672 1365 2729 Nee
1385 2666 1544 2747 simpliciter
1565 2679 1633 2735 dixit
1651 2681 1662 2712 r
1683 2698 1725 2737 re·

91 2752 247 2825 incorpore
270 2769 304 2809 ex
329 2761 458 2824 quattuor
481 2755 623 2812 elementis
645 2759 802 2816 constituto.
822 2759 880 2815 Non
930 2760 993 2830 psile
1011 2762 1132 2828 animae,
1158 2763 1206 2818 sed
1227 2778 1287 2816 cnm
1311 2764 1495 2820 additamento
1513 2767 1626 2831 uincatis,
1647 2771 1724 2840 qnasi

90 2846 156 2901 enim
168 2845 179 2878 ⁸
191 2846 250 2901 erit
276 2845 361 2904 risus.
378 2844 424 2900 nbi
440 2854 547 2901 nonest
562 2846 643 2917 ignis,
662 2862 750 2918 neque
763 2850 880 2913 ariditns,
931 2853 1021 2907 anima
1032 2868 1086 2906 non
1098 2854 1133 2908 sit
1143 2853 1247 2910 vivens.
1259 2853 1291 2909 Et
1301 2860 1343 2909 est
1355 2870 1446 2920 causa,
1458 2866 1488 2911 ut
1499 2859 1604 2926 opinor,
1617 2862 1724 2930 speeies

91 2935 111 2989 sl
129 2950 175 2990 aer
190 2935 284 3000 desit;
297 2934 413 2990 humore
431 2936 572 2990 subtracto
587 2952 638 2992 nec
655 2936 772 2993 ollactus
793 2954 881 2993 rema·
932 2941 992 3004 illa,
1009 2956 1089 3011 quam
1106 2943 1133 2997 ln
1155 2942 1331 2998 divisionibus
1347 2943 1482 3013 generalis
1502 2947 1575 3003 vitae
1593 2951 1723 3007 extimam

92 3025 222 3080 nebitncc
242 3032 352 3096 gustum
378 3032 466 3078 terrae
488 3025 609 3080 absentia
636 3033 720 3081 totum
747 3027 881 3082 abstrahit
912 3010 1080 3104 'posuimus
1108 3032 1141 3088 lit
1168 3033 1281 3098 merito,
1305 3034 1432 3102 quoniam
1458 3036 1547 3091 omnis
1573 3020 1741 3099 intellectus

93 3122 198 3172 metunt.
225 3115 350 3188 Corpora
371 3131 437 3172 nero
451 3116 572 3189 angelica
596 3117 730 3189 simplicia
751 3121 879 3192 spiritua·
931 3123 1090 3179 errationis
1117 3136 1214 3195 expers
1232 3124 1244 3155 ⁸
1262 3124 1353 3181 subtili
1373 3134 1531 3183 naturarum
1554 3130 1740 3203 indagatione·

94 3208 263 3279 buprestim,
285 3207 555 3278 omniqueexteriori
578 3224 660 3266 sensu
675 3213 805 3268 carentia.
822 3201 918 3267 ttonc
935 3213 1083 3282 reperitur;
1108 3228 1141 3269 ac
1166 3212 1248 3267 ueluti
1273 3214 1346 3270 trulla
1373 3216 1444 3281 rita,
1471 3233 1518 3275 seu
1546 3220 1650 3287 anima,
1678 3238 1726 3277 scu

94 3298 162 3354 caim
187 3297 356 3356 sensisilium
380 3314 470 3354 rernm
500 3299 624 3357 notitiam
648 3316 698 3373 per
724 3304 881 3375 pbatrtasius
932 3304 1125 3360 rirerrsanima
1141 3304 1184 3368 sit,
1201 3304 1486 3379 siletnraSoriptnra,
1502 3318 1532 3365 ut
1547 3309 1727 3385 intelligamus

94 3403 233 3460 stuporum
248 3390 393 3460 accipiunt,
414 3390 461 3444 sed
472 3404 580 3445 omnem
593 3392 761 3463 corporalem
776 3403 882 3450 creatu·
933 3412 991 3452 eam
1003 3396 1175 3452 notissimam
1191 3412 1223 3452 ac
1233 3396 1245 3428 ⁰
1257 3397 1519 3469 imperfectissimam
1545 3406 1728 3464 essentialiter

95 3483 151 3537 iam
167 3466 299 3537 lucrosis
316 3481 372 3537 suis
388 3481 765 3568 spiritualibus·spiritualiter
777 3486 882 3557 perspi·
933 3498 1039 3544 creatm
1054 3488 1125 3544 vitae
1139 3489 1384 3559 participationem.
1400 3495 1570 3584 Qu
1584 3497 1643 3568 plus
1657 3501 1727 3562 inter

95 3575 175 3642 cinrtt,
196 3575 422 3646 quaemadmodum
443 3574 526 3630 risrrri
540 3579 643 3639 sumus,
658 3591 718 3631 cum
734 3576 767 3631 ad
785 3593 891 3638 aeona.
933 3581 1089 3651 corporales
1103 3595 1245 3650 numems,
1266 3597 1348 3655 quam
1372 3584 1443 3641 inter
1466 3587 1562 3644 uitales
1581 3604 1728 3650 connrune·

96 3665 192 3721 litatem
208 3675 324 3720 naturae
336 3681 430 3721 eornm
453 3666 703 3723 transmutabimur.
724 3667 812 3724 Sensu
833 3669 884 3724 ita·
934 3672 1048 3726 randmu
1074 3671 1164 3727 diuina
1187 3674 1278 3729 sanxit
1303 3675 1461 3733 auctoritas.
1484 3676 1569 3734 Recte
1598 3679 1680 3754 igitur
1699 3682 1727 3740 in

96 3740 143 3828 qne
154 3772 288 3828 corporeo
304 3765 398 3813 carent
411 3756 509 3828 angeli,
522 3758 585 3826 nptia
598 3773 680 3828 snper
694 3759 781 3831 ipsum
801 3770 880 3825 suot;
933 3761 1062 3832 operibus
1078 3770 1208 3834 quattuor·
1227 3765 1331 3820 dierunt
1343 3806 1351 3830 ,
1364 3767 1392 3821 in
1409 3768 1508 3838 quibus
1522 3771 1627 3840 specics
1638 3772 1728 3830 caele-

97 3863 124 3904 ac
138 3865 184 3920 per
197 3849 249 3905 boc
266 3850 349 3904 totius
363 3848 555 3904 irrationabilis
577 3849 650 3904 ritae
669 3859 804 3919 expertes,
825 3851 883 3907 sire
933 3851 1015 3906 stium
1030 3854 1254 3923 terrestriumque
1269 3856 1448 3914 essentiamm
1463 3871 1495 3912 er
1510 3860 1600 3915 causis
1612 3862 1727 3933 primor-

97 3942 230 4006 tcnsualis,
247 3942 307 3997 sire
319 3942 392 3996 omni
413 3955 494 3995 sensu
507 3939 638 4010 prriratae,
654 3940 811 4010 compositis
822 3956 884 3996 cor·
934 3940 1050 3997 dialibns
1073 3943 1259 4011 producuntur
1280 3944 1307 3998 in
1327 3953 1468 4016 apertum,
1488 3956 1515 4005 et
1533 3949 1727 4020 perlectionem

97 4032 491 4104 raptibilibnsquecorporibus
513 4047 566 4086 non
588 4041 744 4103 gravantur.
765 4031 883 4089 Proinde
934 4047 1000 4088 suae
1026 4031 1196 4087 formationis
1221 4032 1376 4106 accipiunt,
1404 4037 1485 4110 hrrjus
1514 4039 1606 4096 uitalis
1638 4052 1728 4104 motus

97 4127 174 4182 multa
186 4127 309 4200 reperies
323 4127 350 4181 in
372 4125 490 4188 bomine,
506 4140 575 4195 quae
596 4140 767 4196 nequaqnam
787 4135 883 4180 natura
934 4120 1005 4177 nulla
1016 4119 1179 4193 signiticatiu
1192 4122 1351 4194 interposita
1363 4136 1414 4183 est.
1428 4126 1494 4206 Nam
1510 4138 1539 4186 et
1550 4129 1577 4185 in
1593 4132 1673 4189 tertia
1684 4132 1728 4194 die

97 4219 185 4289 recipit
193 4217 317 4292 angelica
326 4234 333 4284 ;
343 4219 403 4272 'nou
418 4225 506 4271 antem
518 4215 640 4272 subsistit
651 4216 679 4271 in
690 4215 786 4287 angelo
796 4231 844 4271 scu
856 4216 883 4272 in
934 4213 1045 4280 silettn,
1055 4213 1081 4269 in
1091 4229 1144 4285 qua
1158 4213 1303 4271 herbarum
1319 4217 1508 4292 ttqrrorumqne
1521 4224 1683 4294 germinatio
1695 4227 1728 4290 ile

98 4306 884 4380 aliscrcatnra,quodnnturalltcrhomininonirrsit.Etne
935 4318 1008 4363 terra
1031 4308 1206 4378 praecipitur,
1228 4309 1255 4365 in
1277 4310 1375 4380 qnilnrs
1397 4314 1639 4373 administrationis
1659 4332 1728 4375 suaa
1794 4347 1799 4356 ·

98 4401 285 4474 demsterus
299 4402 388 4457 omnis
401 4402 505 4473 speeies
519 4401 591 4457 sitae
605 4402 631 4455 in
645 4402 754 4456 homine
765 4409 816 4467 est,
829 4415 883 4456 oon
935 4400 1062 4456 virtutem
1084 4402 1223 4472 corporeis
1246 4403 1371 4458 sensibus
1389 4404 1554 4461 ntanilestat.
1576 4406 1634 4464 Non
1654 4411 1726 4481 qnod

99 4508 185 4565 uuam,
198 4497 246 4552 sed
263 4495 371 4560 mulus,
384 4503 414 4548 ct
429 4510 445 4548 a
460 4508 490 4548 se
501 4492 655 4549 dill‘erentes
667 4492 737 4547 vitas
751 4492 882 4558 continet,
935 4492 994 4564 ipsa
1011 4492 1117 4562 specics
1129 4491 1200 4548 uitae
1222 4493 1250 4548 in
1265 4501 1362 4549 natura
1382 4510 1471 4551 rerum
1492 4495 1728 4569 proportionaliter

100 4585 195 4645 babens
206 4587 390 4644 irrationalem
403 4594 431 4642 ct
444 4585 615 4652 rationalem,
631 4584 784 4641 sensualem
804 4585 883 4640 simul
935 4580 1100 4637 subsistendi
1112 4580 1201 4636 locrsm
1213 4597 1264 4637 non
1276 4583 1414 4650 obtineat;
1430 4599 1484 4641 nou
1497 4587 1572 4641 cuim
1585 4590 1728 4658 parvipen-

100 4687 126 4734 et
138 4677 311 4750 germinalem
323 4698 330 4733 ι
343 4680 448 4735 intuere
461 4677 613 4750 diligentius
631 4680 768 4734 hnmanae
778 4679 884 4733 animae
935 4671 1022 4727 denda
1037 4678 1080 4726 est
1090 4673 1132 4727 ris
1143 4671 1187 4726 illa
1199 4672 1346 4739 naturalis,
1362 4687 1431 4745 uuae
1442 4678 1543 4744 ornnia,
1558 4694 1629 4749 quae
1641 4689 1728 4737 terrae

100 4772 239 4839 potentias,
250 4784 319 4839 qnae
333 4770 396 4823 dnm
412 4769 448 4823 sit
462 4770 543 4824 nnius
555 4767 730 4838 eiusdemque
740 4766 887 4823 subsisten-
937 4761 1067 4816 radicitus
1082 4762 1235 4827 inhaerent,
1250 4771 1278 4816 et
1292 4773 1412 4820 exterra
1427 4767 1563 4832 oriuntur,
1578 4769 1727 4827 secundum

102 4855 160 4922 tiae,
173 4868 199 4913 et
212 4857 332 4920 uirtutis,
347 4864 374 4913 ct
384 4858 547 4928 operationis
560 4857 587 4913 in
598 4857 722 4913 omuibus
732 4855 811 4912 simul
824 4871 883 4912 cor·
936 4853 1070 4908 inlinitum
1094 4856 1316 4912 numemsitatcm
1337 4859 1507 4917 surculorum
1529 4863 1734 4937 herbarumque

101 4947 206 5016 poribus
230 4947 357 5004 humanis
378 4956 405 5004 et
419 4947 591 5020 generaliter,
604 4956 632 5002 ct
645 4948 674 5003 in
693 4945 806 5019 singolis
821 4960 885 5016 spe·
936 4954 965 5001 et
989 4945 1120 5001 nutriter
1139 4957 1234 5017 ιιιιριι,
1261 4948 1342 5020 inque
1366 4951 1471 5021 speeies
1491 4953 1631 5026 proprias,
1650 4954 1730 5022 iuxta

103 5035 215 5103 cialiter,
225 5050 337 5095 euticius
353 5047 444 5094 mmcn
457 5035 554 5093 vinies
568 5046 667 5104 motus,
676 5036 889 5095 administratio·
938 5037 1106 5109 singulorum
1132 5054 1261 5110 penarum
1283 5041 1503 5114 similitudinem,
1528 5053 1556 5102 et
1577 5048 1728 5103 naturalem

102 5126 441 5201 nosqoeiu'corpuresuo,
455 5129 525 5183 intra
544 5142 592 5184 scu
612 5136 689 5184 extra
714 5136 802 5200 petest
819 5144 904 5199 pern
938 5130 1159 5201 consequentiam
1184 5130 1296 5199 lterum,
1324 5133 1480 5202 fructuum,
1505 5137 1656 5203 seminum,
1679 5154 1729 5208 per

104 5231 191 5291 agere.
208 5218 344 5292 Siquidem
358 5220 428 5275 ultra
441 5234 585 5291 corporeos
598 5219 887 5276 sensusetratiocina-
938 5234 1067 5292 numeros
1092 5220 1212 5276 locorum
1235 5228 1263 5277 et
1287 5232 1438 5292 temporum
1463 5225 1596 5294 producit
1627 5226 1728 5282 Verum

104 5307 148 5367 iar
158 5319 185 5367 et
199 5313 334 5386 intelligit,
349 5321 379 5368 ut
396 5311 515 5385 angelica
528 5312 598 5377 vita;
613 5311 639 5366 in
654 5310 778 5368 sensibus
789 5327 887 5383 corpo·
938 5311 1067 5382 quoniam
1081 5319 1159 5366 crtra
1170 5325 1269 5382 eorpus
1281 5312 1320 5367 nil
1331 5327 1412 5394 apere
1424 5314 1575 5385 praevalet,
1595 5331 1647 5374 nec
1665 5331 1729 5388 pcr-

107 5402 301 5462 rslsrentiendt
313 5419 369 5461 nra
383 5413 491 5461 exercet
512 5401 689 5460 similitudine
715 5403 887 5460 irratiouahi·
938 5401 1027 5458 lectae
1044 5393 1137 5467 ritae,
1152 5401 1532 5478 corporibusqucabsclntae,
1552 5403 1679 5460 virtutem
1700 5404 1728 5464 iu

736 5573 864 5630 leilbli
879 5571 1078 5632 tmmouss.

143 5708 187 5765 Ἀ
203 5714 379 5770 distribuitur.
431 5711 593 5770 ’ddcnuri
642 5712 877 5770 ⁸ilrctioucllilir.
926 5710 974 5767 ‘et
996 5727 1051 5770 our.
1065 5715 1100 5770 Α.
1150 5713 1240 5771 'cmm
1253 5712 1351 5790 eunii.
1404 5713 1538 5787 ‘Guium
1589 5718 1636 5780 ic
1652 5723 1727 5782 diat,

110 5777 649 5854 ‘termnmercmtimtrdetmts
685 5781 788 5841 lbet.
1705 5795 1711 5810 '
