4167 6625
327 341 380 400 ld'l

888 344 919 404 d.
939 344 971 402 Β.
990 344 1209 408 semustam
1227 344 1412 406 rhaerhttb

326 456 468 514 l'olienteu
483 457 530 512 des
546 457 644 514 Scelus
658 458 782 529 Erigone,
796 460 829 515 cle
844 459 1119 526 divisioueltaturae,
1134 468 1158 527 Α
1173 460 1274 517 etenim
1290 469 1318 516 et
1330 459 1454 516 notitiam
1467 458 1509 516 sui
1523 456 1623 531 gignit,
1640 462 1695 512 eta
1709 467 1739 510 ss
1751 453 1810 523 lpse
1825 464 1903 507 emor
1916 451 1960 506 eoi

325 567 360 606 zu
373 550 449 605 Ende
462 550 607 620 gebracht,
622 552 675 606 uud
689 553 778 622 preise
793 552 844 608 den
863 553 971 621 Zulall.
995 556 1044 611 der
1064 556 1117 611 mir

326 642 414 697 dieses
437 641 572 696 herrliehe
602 642 657 697 und
685 643 772 699 sellae
795 643 881 699 Werlt
907 645 933 700 in
957 646 1000 701 die
1023 645 1118 703 ll'andc

325 731 431 803 spiclte.
447 731 494 788 Bri
508 734 556 789 der
569 733 649 804 (Pop.
668 733 713 806 lt)
729 736 910 808 dbhaudluog
921 740 988 795 dher
1002 739 1045 794 die
1060 738 1118 812 pri·

327 822 471 878 mordiales
491 839 587 882 causas
610 827 646 880 im
670 828 782 884 zu'eiten
796 829 888 888 Buehe
902 846 976 888 mass
999 848 1062 887 rnau
1086 847 1117 889 es

325 915 680 984 wiederlmltauerlreuoen,
695 920 758 975 dass
779 921 806 976 iu
829 923 929 979 diesem
952 922 1054 980 Werlre
1073 924 1118 981 die

328 1007 515 1074 primordiales
551 1026 651 1070 causae
684 1013 842 1083 unzihliger
880 1014 1117 1087 philosophischer

323 1095 402 1152 ldeeu
426 1099 453 1154 in
475 1099 552 1156 Fidle
569 1101 726 1157 rorlrandeu
740 1102 810 1167 sind,
826 1103 929 1160 welche
941 1105 1055 1161 seitdem
1073 1119 1119 1161 re·

286 1217 294 1233 ι
326 1185 438 1244 reiuzelt
452 1204 555 1258 gauzen
574 1188 811 1261 philosophischeo
828 1190 971 1264 Systeureu
991 1210 1053 1249 zum
1066 1193 1117 1251 Lo·

324 1276 516 1350 hensprineipe
531 1282 584 1335 nud
607 1280 736 1337 Centrum
759 1284 857 1342 dienen
879 1294 1012 1342 mussteo.
1028 1284 1071 1351 le,
1086 1301 1117 1344 es

324 1368 443 1435 scholar,
469 1372 543 1436 dass,
568 1386 647 1428 weuu
675 1376 788 1430 manche
814 1391 914 1434 neuere
935 1377 1117 1448 Philosophen

324 1456 491 1531 oileuherzig
514 1462 572 1516 seio
595 1463 714 1529 wollteu,
734 1481 765 1521 so
787 1468 898 1524 whrdeu
920 1468 960 1524 sie
975 1467 1117 1529 beleuneu

325 1551 453 1617 missen,
486 1552 549 1608 dass
576 1553 657 1610 ihueu
680 1556 795 1628 Erigeua
825 1559 868 1614 die
886 1559 1116 1629 llauplgedaolreu

325 1642 429 1713 angah3
442 1643 505 1699 dass
516 1645 556 1700 sie
567 1661 616 1701 aus
629 1646 677 1702 der
688 1646 765 1706 Fiille
777 1649 866 1704 selues
878 1648 1051 1708 Scharlsiuus
1063 1652 1117 1707 und

325 1729 461 1789 'l’ielsiuns
483 1733 542 1789 ihre
563 1734 748 1808 Systempulse
765 1738 881 1795 nahmen
896 1756 928 1795 zu
945 1740 1009 1796 sehr
1027 1742 1117 1798 direr-

325 1824 456 1894 girend'eu
472 1825 704 1901 Richtuugeu.....

363 1932 372 1966 ι
392 1915 440 1971 bie
462 1916 539 1973 nasis
562 1919 611 1974 der
635 1934 737 1975 neueru
759 1919 950 1994 Forschuugen
977 1924 1045 1979 dher
1068 1924 1117 1980 das

324 2003 592 2064 Sethsaheuusstseiu
619 2011 671 2066 und
701 2014 776 2070 selue
801 2007 935 2081 Triuitit,
960 2015 1004 2070 die
1022 2014 1117 2070 tieleru

322 2096 492 2163 Eiusiehteo.
505 2100 609 2157 welche
621 2118 671 2158 rou
686 2105 719 2158 da
731 2120 782 2161 aus
794 2107 822 2161 in
842 2106 996 2181 Beziehung
1008 2107 1058 2162 aul
1068 2108 1116 2164 das

323 2185 421 2243 Weseu
443 2190 492 2244 der
505 2189 638 2258 Gottheit,
663 2195 714 2251 deu
737 2194 804 2252 Siun
826 2199 955 2255 ruaneher
974 2200 1117 2271 niclrtiger

322 2276 427 2334 Lehren
440 2282 485 2336 des
497 2282 726 2351 Christenthurns,
742 2287 785 2342 dir
800 2286 940 2354 Creatiom
951 2290 999 2345 das
1010 2289 1115 2346 Euhen-

323 2383 375 2424 ueu
401 2385 550 2439 gewonueu
579 2374 661 2439 siud,
691 2374 757 2429 barra
785 2378 845 2431 eine
870 2380 918 2432 der
945 2379 1116 2450 wiehtigsteu

323 2458 541 2533 Erlorschuugen
555 2463 603 2518 der
617 2481 719 2521 ueueru
740 2466 912 2538 Philosophia
923 2472 1017 2526 uurde
1031 2472 1115 2527 sehon

326 2565 379 2605 rou
392 2550 508 2622 Erigena
523 2553 550 2608 in
568 2555 619 2609 deu
633 2554 747 2612 Worteu
765 2562 998 2629 ausgesproehco:
1016 2579 1025 2613 ι
1040 2576 1117 2619 meus

325 2677 378 2720 aron
402 2663 503 2729 miuus,
525 2680 606 2735 quarn
623 2667 788 2736 ohscuraos3
803 2671 898 2726 deirule
918 2674 1003 2743 tnagis
1015 2674 1115 2744 magis·

326 2747 378 2801 que
390 2734 565 2803 perdometur
575 2738 671 2806 cupido
683 2754 731 2807 per
742 2742 902 2811 principium
919 2742 1115 2812 rttrrdaruusa,

325 2819 394 2870 qrme
419 2819 468 2858 uos
491 2805 613 2877 impellit,
637 2819 666 2862 nt
691 2810 773 2865 uitam
798 2812 824 2866 iu
841 2811 976 2869 luhuorls
999 2817 1116 2884 regionis

326 2874 407 2929 rebus
419 2887 548 2931 teramus.
565 2876 624 2944 Quo
638 2879 676 2944 lh,
691 2889 718 2933 ul
733 2881 828 2936 harum
842 2883 1000 2939 inferiorum
1016 2887 1115 2941 uirium

325 2943 413 2998 letalia
439 2946 488 3000 tela
510 2946 669 3018 currhtsique
690 2951 820 3008 turnultus
841 2954 957 3025 amplius
972 2965 1116 3024 penetrare

326 3024 462 3084 nequeant
483 3016 509 3071 iu
530 3017 654 3074 altiorem
676 3020 749 3090 illam
775 3024 921 3093 regionem,
936 3027 981 3080 uhi
1006 3028 1115 3083 diriuae

295 3155 299 3161 Δ
326 3094 439 3140 riaturae
461 3087 637 3160 veritatisque
667 3090 768 3149 lumine
793 3094 990 3163 perfunduntur
1011 3099 1113 3153 onmia.

420 3200 485 3249 Fessi
497 3201 521 3249 dl
535 3203 620 3264 reggio
631 3209 693 3265 tutta
704 3218 748 3252 sua
760 3219 889 3266 perronna,

453 3260 563 3310 hellesso
576 3265 596 3310 ul
609 3276 700 3313 mirarum
710 3267 749 3316 del
763 3268 853 3317 mobile
866 3270 942 3332 primo

484 3323 535 3373 Che
555 3325 639 3374 ueude
649 3327 733 3385 quiunt
745 3328 839 3384 rivere.
852 3345 866 3378 c
877 3339 988 3392 potenza.

404 3422 408 3426 i
422 3382 523 3432 Ecorne
535 3397 549 3434 e
560 3388 598 3435 iro
611 3387 634 3433 iu
645 3399 719 3447 umqum
730 3388 754 3436 dt
766 3402 811 3437 suo
822 3391 871 3441 iano

455 3445 479 3494 Si
490 3446 602 3506 spurcha
614 3460 681 3509 quasi
697 3461 740 3509 per
753 3449 849 3499 rederet
861 3453 962 3514 adorno,

484 3508 578 3563 Quanto
590 3504 605 3555 h
618 3506 659 3554 unt
672 3508 756 3567 verde,
768 3524 782 3555 c
796 3514 837 3560 nel
849 3515 938 3563 llorutt
950 3516 1041 3578 opimo,

347 3626 350 3631 ,
425 3567 450 3618 sa
462 3569 618 3628 mprastaudo
630 3569 651 3617 al
664 3568 729 3618 hume
742 3572 838 3627 tritoruo
851 3576 946 3629 intorno

458 3628 512 3678 Vidi
524 3630 671 3690 sprcclnarsi
687 3632 710 3678 in
721 3629 762 3692 pih
773 3630 796 3682 dl
810 3635 877 3684 mille
890 3638 980 3697 soglie.

486 3694 581 3748 ιιιιιιιιο
590 3691 615 3738 ιιι
626 3695 664 3741 nol
677 3692 741 3741 lamb
753 3694 811 3744 latta
823 3696 852 3745 ha
865 3698 965 3748 rltoruo.

422 3752 481 3826 lise
492 3753 588 3803 l'iotlruo
598 3753 674 3815 grado
683 3756 706 3803 tu
718 3767 746 3805 se
758 3758 878 3837 raeouglle

452 3816 680 3939 ”ululatur
689 3814 977 3947 territoreas

453 3969 459 4023 t
467 3964 557 4026 baum,
573 3964 700 4026 Porudim,
713 3972 784 4016 cauto
796 3978 857 4027 xxx,
869 3979 934 4017 rers.
949 3964 994 4019 tud
1005 3968 1089 4032 seqq.)

368 4046 564 4102 anentherns
588 4047 734 4102 secumdum
753 4062 855 4102 morem
878 4062 956 4101 strum
981 4047 1120 4117 Erigeuiu-

331 4134 395 4173 uum
408 4128 526 4190 systema
543 4116 653 4175 neruiue
667 4118 828 4186 pauthcisrni
847 4118 1041 4186 depcrulentiae
1055 4119 1121 4183 iust-

331 4190 429 4259 gnirel.
446 4192 535 4257 “eque
546 4188 635 4258 potest
656 4187 759 4255 negari,
776 4178 840 4240 illud
855 4188 936 4258 saepe
956 4182 1119 4257 pauthelsmi

331 4259 409 4329 qrrasi
425 4258 493 4314 latus
508 4261 613 4312 radere.
625 4258 713 4328 Atque
729 4257 754 4311 in
771 4257 924 4310 uultersum
940 4254 1030 4312 omnla
1042 4259 1121 4327 spirt-

331 4330 438 4385 tualias
459 4337 572 4384 sternata
586 4326 648 4382 illuc
662 4334 785 4399 rerguut,
802 4326 856 4381 lum
877 4326 903 4380 iu
918 4323 1118 4395 pentheismum

330 4400 410 4456 lacile
426 4345 636 4469 ιιῖιίιιιιιιιςειιιιι,
658 4398 680 4451 si
702 4396 783 4451 uremi
807 4396 848 4451 sul
869 4397 994 4453 consciae
1015 4398 1119 4468 primae

331 4481 422 4542 partes
432 4471 597 4531 tribuuntur,
613 4469 710 4523 deiude
721 4466 856 4537 cogitandi
875 4467 947 4529 leses
960 4481 1010 4536 pro
1021 4476 1117 4537 poten·

1168 561 1197 609 et
1211 553 1306 608 notitia
1327 553 1368 608 sui
1384 552 1522 623 procedit,
1547 566 1602 622 quo
1618 558 1646 604 et
1665 549 1722 617 ipsa
1742 554 1771 601 et
1793 544 1893 600 notitia
1917 543 1961 599 sul

1168 640 1368 714 conjunguntur
1383 662 1406 700 ι.

1206 755 1215 786 ι
1233 735 1282 790 Die
1292 735 1379 790 seltne
1394 735 1567 805 Verhiaduug
1582 735 1628 789 des
1642 732 1772 790 lihehsten
1785 728 1961 786 Scharlsinas

1168 828 1222 882 und
1234 826 1370 883 Tielsiuns
1380 828 1423 884 hei
1438 828 1551 898 Erigeua
1565 826 1666 895 spricht
1680 826 1736 880 sich
1751 823 1821 876 arach
1833 823 1860 875 iu
1872 821 1962 875 seintt

1168 918 1407 987 nterkwiirdigen‚
1437 917 1539 974 hltcrall
1569 917 1744 988 Begeistrung
1773 912 1961 971 artrmeudeu.

1168 1008 1326 1064 Sehreibart
1337 1025 1397 1074 aus,
1405 1025 1436 1064 so
1446 1010 1509 1065 dass
1520 1025 1582 1062 man
1594 1009 1664 1062 heim
1675 1005 1761 1061 hosen
1776 1002 1960 1058 lortnrihrertd

1168 1098 1196 1153 iu
1209 1100 1285 1154 einer
1298 1099 1452 1170 Stiuuurmg
1464 1099 1586 1154 erhalten
1600 1097 1685 1160 wird,
1701 1097 1741 1152 als
1761 1095 1879 1151 ιιιιΓιιιιιιι
1898 1100 1961 1149 matt

1169 1191 1226 1246 sich
1241 1192 1267 1247 in
1282 1192 1370 1247 eirrem
1385 1190 1495 1262 Tenrpel
1510 1191 1575 1246 oder
1591 1190 1707 1260 heiligen
1730 1186 1809 1251 llaiu,
1823 1187 1875 1242 roll
1887 1195 1966 1242 uruat·¹

1169 1280 1299 1336 derharer
1311 1281 1400 1336 hilder
1413 1282 1466 1335 raud
1477 1279 1722 1341 Gristcrstiomren,
1735 1278 1839 1333 welche
1851 1277 1965 1332 reuda

1168 1353 1964 1441 irrrrersteuLebeusgeheinmisseuweissagen.Ueberhoqt

1169 1462 1217 1518 hat
1229 1463 1277 1517 des
1290 1460 1416 1517 Studium
1441 1463 1490 1516 der
1503 1459 1757 1531 spiritualisriseheo
1786 1457 1962 1528 Philosophia

1168 1553 1213 1609 die
1228 1552 1426 1623 merlrwdrdige
1447 1551 1539 1623 Fulge,
1548 1553 1611 1606 dass
1632 1552 1680 1604 das
1700 1549 1854 1604 trraterielle
1873 1547 1964 1604 Lelos

1168 1644 1224 1700 und
1235 1644 1283 1698 das
1294 1644 1320 1697 iu
1333 1644 1387 1697 ihm
1402 1643 1568 1713 verborgeue
1579 1642 1689 1696 desiere
1700 1641 1755 1694 nard
1764 1638 1966 1695 rerurrsnrude

1168 1732 1278 1802 Princip
1292 1734 1339 1788 des
1354 1733 1552 1788 rerrretueruteu
1567 1731 1620 1785 ιιιιιΙ
1633 1730 1787 1784 abstracten
1801 1728 1964 1784 vernatione

1135 1836 1159 1895 gg
1173 1826 1269 1880 irumer
1282 1825 1358 1880 rnehr
1368 1824 1549 1893 gesrlruaeht
1558 1823 1611 1877 uod
1620 1821 1757 1876 dasdureh
1766 1820 1847 1890 jeros
1856 1820 1966 1890 Pr'me'q

1167 1917 1327 1989 augelacbte
1346 1917 1459 1971 Strehen
1484 1930 1533 1970 arar
1554 1913 1692 1983 Erhallung
1712 1913 1760 1966 des
1782 1910 1900 1966 [tascius
1917 1911 1967 1966 ιιι

1167 2009 1298 2076 Obiecten
1311 2025 1360 2064 aus
1373 2009 1420 2063 der
1433 2008 1544 2063 nielern
1561 2005 1663 2075 Region
1679 2006 1776 2058 immer
1790 2003 1872 2058 mehr
1882 2002 1965 2058 aba·

1166 2101 1270 2170 waltigt
1296 2100 1385 2164 n‘irrl,
1415 2113 1445 2153 se
1474 2098 1536 2152 dass
1566 2096 1642 2152 seius
1674 2094 1880 2150 terderhliehen
1910 2093 1965 2149 oud

1167 2190 1313 2248 lddteuden
1337 2188 1419 2243 Pleile
1434 2188 1489 2243 ιιιιιι
1508 2188 1551 2243 die
1566 2187 1752 2258 gebrochenen
1771 2186 1860 2242 bauto
1874 2185 1967 2240 seiher

1166 2279 1347 2337 rrtrlreilrolleu
1377 2279 1649 2349 Zerstorungsaraehl
1674 2279 1749 2334 nicht
1776 2278 1818 2333 bis
1845 2278 1873 2332 in
1899 2276 1967 2346 {ene

1167 2372 1270 2443 {legion
1294 2390 1326 2429 zu
1351 2374 1465 2442 dringeu
1489 2372 1653 2442 uerrudgeu‚
1678 2385 1721 2424 wo
1743 2371 1779 2424 ira
1802 2369 1902 2424 Liclrte
1916 2369 1965 2423 der

1167 2464 1314 2532 gittlieheu
1336 2462 1495 2519 Weseuheit
1516 2463 1570 2518 nud
1588 2460 1733 2517 Wahrheit
1754 2461 1822 2515 alles
1843 2458 1967 2515 rerklitrt

1165 2556 1244 2610 wird.

1167 2670 1330 2738 categoriae,
1349 2669 1449 2740 quippe
1472 2683 1542 2738 quae
1569 2666 1731 2736 subjectivae
1747 2668 1811 2729 sint,
1829 2666 1963 2722 urrrudmn

1166 2741 1275 2796 ‹th-uam
1288 2751 1369 2811 atque
1388 2741 1536 2800 destursut,
1550 2740 1703 2794 eeorrtrurio
1718 2746 1859 2807 praestant
1884 2753 1964 2791 uiuo·

1166 2813 1230 2866 dmn
1245 2822 1325 2877 atique
1341 2810 1494 2876 aedificant,
1510 2812 1608 2879 qnippe
1621 2824 1690 2878 quae
1701 2808 1851 2877 objectirae
1867 2808 1924 2862 siut
1936 2817 1964 2862 el

1167 2881 1263 2935 reales
1276 2880 1451 2936 Condiciones
1472 2881 1543 2934 errirn
1557 2880 1703 2950 explicant,
1716 2878 1814 2949 quihus
1835 2877 1966 2948 itrtclligi·

1166 2951 1240 3014 bilia,
1256 2952 1433 3014 substantiae,
1454 2950 1521 3004 llont
1534 2949 1686 3012 sensibilia:
1701 2958 1783 3018 atque
1804 2965 1869 3004 enm
1889 2957 1963 3002 cate·

1166 3022 1257 3092 goriae
1272 3021 1351 3076 simul
1367 3029 1395 3075 et
1408 3017 1575 3074 substantiae
1587 3020 1642 3074 siut
1657 3029 1685 3075 et
1697 3019 1845 3078 sensibilia,
1866 3021 1966 3073 horum

1167 3092 1308 3147 amborum
1320 3105 1427 3160 quoque
1436 3090 1508 3145 iuter
1517 3105 1547 3147 se
1557 3091 1727 3146 identitatem
1737 3091 1928 3144 derrroustrant
1942 3109 1966 3144 ι.

1131 3191 1155 3253 c
1208 3159 1296 3217 ‹Jam
1324 3162 1437 3232 Erigcna
1466 3160 1615 3216 instructus
1642 3168 1768 3217 acclinata
1797 3160 1967 3216 naturalium

1171 3233 1333 3295 studiorum,
1356 3230 1835 3300 ruratheseos‚astronomiae‚quales
1862 3238 1891 3284 et
1916 3243 1966 3283 sua

1172 3312 1259 3358 aetate
1282 3319 1354 3357 nouo
1370 3301 1471 3367 seculo,
1483 3308 1511 3356 et
1523 3301 1709 3372 sincerioribus
1721 3301 1890 3371 temporibus
1910 3299 1968 3355 lare·

1173 3380 1245 3437 runt,
1266 3374 1430 3443 cognitione,
1451 3374 1612 3441 penitusque
1631 3373 1750 3427 imbutus
1764 3381 1820 3425 turn
1844 3371 1969 3426 Graeco·

1172 3458 1230 3496 rum
1246 3442 1464 3513 philosophorum
1479 3442 1565 3507 libris,
1582 3452 1637 3496 tum
1658 3442 1765 3512 scriptis
1786 3440 1913 3505 Patrem,
1939 3438 1967 3496 id

1171 3519 1282 3567 strenue
1303 3528 1317 3566 a
1338 3515 1369 3577 h,
1396 3520 1423 3567 ut
1444 3512 1557 3567 shhdum
1581 3513 1657 3581 quasi
1682 3512 1806 3566 nucleum
1828 3510 1966 3575 veritatis,

1171 3597 1241 3652 qrrae
1256 3583 1283 3636 in
1303 3530 1457 3639 christiana
1473 3582 1602 3652 religione
1613 3592 1665 3645 est,
1680 3582 1725 3635 dili
1745 3580 1888 3636 cautissime
1905 3581 1968 3651 phi·

1172 3651 1306 3721 losephira
1319 3654 1362 3708 ria
1377 3655 1562 3725 cognoscendo
1575 3653 1707 3707 enucleet.
1721 3597 1850 3707 &artaud
1861 3654 1967 3722 gravis·

1171 3723 1255 3777 simas
1271 3724 1457 3779 conclusiones
1482 3723 1613 3794 persenit,
1641 3733 1722 3792 atque
1746 3723 1774 3775 iu
1804 3722 1965 3776 uuiversum

1172 3807 1234 3847 raro
1248 3796 1365 3863 quodam
1377 3793 1508 3864 exerraplo.
1524 3790 1621 3862 quode
1636 3791 1832 3864 posterioribus
1861 3791 1967 3846 schola·

1172 3863 1425 3935 sticisphllosophis
1443 3878 1519 3923 unias.
1543 3862 1565 3917 si
1583 3863 1683 3934 ingenii
1705 3876 1819 3918 acumen
1842 3872 1964 3932 spectas,

1172 3943 1304 4004 exaequat
1322 3933 1441 3989 Thomas
1458 3933 1589 4004 Aquinas.
1611 3941 1703 4003 aperte
1723 3934 1904 3996 deruonstrat‚
1919 3947 1966 3986 ro·

1172 4020 1240 4068 rani,
1261 4020 1330 4075 quae
1344 4004 1540 4076 philosophiam
1565 4004 1636 4059 iuter
1655 4013 1684 4060 et
1694 4003 1878 4057 Christianam
1901 4003 1966 4058 reli·

1100 4119 1106 4130 .
1172 4074 1277 4145 giourur
1290 4076 1443 4138 intercedit,
1460 4075 1591 4155 rationem
1607 4089 1776 4157 rreqrtaquaru
1790 4087 1853 4128 esse
1869 4068 1964 4127 sinord-

1174 4154 1255 4200 tatcm
1264 4145 1410 4208 inimicam,
1422 4146 1468 4200 sed
1482 4147 1588 4200 nonnisi
1600 4144 1763 4215 eorquuetim
1775 4145 1870 4198 ambas
1881 4146 1964 4199 husu

1100 4258 1107 4270 .
1172 4216 1381 4279 sanctimonii,
1395 4214 1441 4284 qui
1463 4214 1569 4282 quidem
1586 4214 1648 4269 lluis
1663 4214 1785 4268 reriertis
1805 4213 1966 4283 cognitione

1172 4286 1302 4348 cernitur,
1315 4285 1441 4341 nimirum
1452 4294 1481 4338 ut
1498 4286 1600 4339 veritas
1613 4299 1662 4353 per
1674 4284 1858 4353 coguitionem
1884 4285 1962 4361 peut·

1105 4396 1107 4403 a
1172 4363 1216 4410 tus
1229 4357 1255 4409 in
1272 4355 1349 4409 uubis
1362 4357 1491 4417 virescat.
1508 4369 1611 4424 nosque
1630 4356 1656 4409 iu
1671 4370 1703 4409 ea
1715 4354 1811 4410 simos.
1827 4353 1877 4408 Siu
1897 4367 1962 4408 vero

1170 4424 1338 4494 philosophia
1351 4435 1379 4482 et
1390 4425 1542 4480 Cirristiaua
1555 4425 1649 4495 religio
1658 4424 1848 4493 ‹listuugumur
1862 4433 1889 4477 et
1903 4424 1962 4479 dis·

1174 4494 1325 4560 trahuntur,
1346 4505 1401 4550 tum
1419 4495 1587 4565 philosophia
1605 4511 1656 4549 ιιοιι
1671 4495 1722 4550 rusi
1736 4494 1839 4549 sterilia
1853 4495 1962 4565 ruptum

332 4542 376 4597 tiis
389 4541 480 4597 nruodi
493 4540 670 4597 creatricihus
682 4539 864 4608 accipiuntur,
876 4539 1027 4606 harumque
1037 4548 1120 4607 porto
1134 4542 1160 4609 1)
1172 4566 1313 4620 camna
1330 4566 1460 4629 ascendit,
1481 4575 1509 4619 et
1521 4580 1575 4636 quo
1598 4564 1678 4618 amns
1693 4565 1824 4635 assurgp'
1849 4579 1882 4618 ω
1902 4580 1961 4619 ma,

329 4611 439 4667 erearuli
452 4612 493 4665 vis
511 4611 544 4664 ad
559 4611 631 4665 solas
643 4609 761 4679 ipsorum
779 4608 850 4663 inter
869 4623 898 4665 se
911 4608 1058 4664 relationes
1073 4622 1117 4665 re·

330 4684 424 4737 l'crtur.
440 4681 515 4733 llude
527 4680 651 4741 efficitur,
665 4688 694 4732 ut
714 4679 823 4748 spiritus
841 4679 876 4733 sit
899 4678 988 4735 urnula
1009 4678 1034 4733 in
1057 4690 1117 4745 oot-

332 4753 422 4805 uibus.
437 4748 535 4801 Verum
544 4749 658 4818 lirigeua
669 4751 777 4817 quidem
788 4750 860 4804 haud
872 4748 970 4817 mlgrat
981 4763 1029 4803 eos
1040 4748 1117 4812 hares.

330 4822 375 4888 qiu
398 4815 595 4887 parrtlreisnrmu
620 4832 635 4869 a
656 4818 800 4873 creationis
814 4819 936 4873 ‹loetrlua
949 4819 1116 4889 ‹ttsjrruguuu

331 4890 398 4943 Naro
415 4886 497 4941 etiam
520 4887 564 4940 uhi
586 4886 708 4955 proxime
727 4901 773 4939 eus
790 4889 856 4941 llues
871 4888 988 4958 attingit,
1004 4889 1076 4945 velut
1090 4888 1118 4944 iu

330 4956 503 5012 deiliratioue
525 4967 691 5017 sauctorum,
705 4966 831 5011 accurrate
845 4966 996 5012 ereaturam
1010 4976 1025 5013 a
1039 4958 1120 5014 Crea-

333 5041 392 5081 rure
405 5025 550 5080 secuudum
564 5026 709 5079 essentiam
723 5027 899 5080 ‹liserimluat
919 5028 995 5093 Quod
1008 5029 1118 5097 quidem

332 5108 425 5168 aperte
436 5095 553 5150 ostendit
571 5094 722 5165 exrurplum
734 5110 749 5149 a
762 5097 822 5151 luce
838 5098 1037 5166 rlcprmrrptum,
1050 5112 1119 5167 quoe

330 5186 392 5222 arra
405 5165 531 5235 chtttplet,
547 5181 662 5235 caruitque
672 5174 755 5219 tutum
769 5167 794 5219 iu
809 5181 885 5221 suam
898 5175 1021 5221 naturam
1033 5177 1121 5221 utute-

330 5235 1121 5307 reridetur.nequetaruentollit‹liserirrreu.SaneErigenae

330 5306 518 5380 primordiales
532 5322 641 5371 canisae,
655 5321 768 5375 quarum
784 5307 981 5363 evolutiouibus
993 5316 1120 5380 retroque

330 5377 544 5436 revolutionibus
559 5378 675 5431 rrrrmdus
696 5377 732 5430 ita
753 5377 857 5443 nititur,
879 5389 907 5432 ut
922 5376 1069 5449 singularia
1090 5379 1118 5435 in

331 5448 529 5507 rruirersalihus
540 5456 726 5517 perrraaueaut,
749 5458 876 5503 reroeaut
888 5449 955 5505 haec
968 5450 1077 5519 quidem
1091 5451 1118 5506 iu

331 5521 490 5579 arcaturiam
514 5516 662 5587 llegelium.
680 5516 780 5573 Verum
809 5518 925 5589 Erigone
953 5536 1006 5575 uon
1036 5522 1118 5576 telem

331 5592 395 5649 dicit
406 5604 570 5663 regressum,
591 5591 636 5659 qui
660 5590 805 5645 essentiam
828 5590 1017 5660 tollaturque
1036 5592 1118 5661 igitur

332 5662 509 5725 nleudrarem.
523 5662 569 5716 sed
578 5662 753 5715 ereaturaeiu
766 5660 892 5716 Creatore
904 5662 1116 5718 iuuuaoeutiaur.

331 5729 510 5797 haeraeses,
532 5732 647 5800 priuuuu
666 5747 741 5786 suam
765 5732 819 5785 rim
840 5741 1002 5793 exserentes,
1028 5734 1119 5805 progi-

331 5809 417 5879 gnunt
434 5803 584 5881 categorias
597 5802 781 5879 thigerrimtas,
795 5818 874 5881 quae,
894 5816 957 5862 eum
969 5802 1117 5867 horatianae

1170 4635 1211 4705 gis
1231 4635 1345 4690 solidam
1370 4635 1510 4690 veritatem
1525 4635 1633 4689 amittit.
1657 4633 1749 4707 Neque
1773 4635 1922 4717 quidquam
1935 4636 1960 4690 ei

1171 4702 1342 4775 relinquitur,
1359 4706 1409 4760 nisi
1429 4714 1459 4760 ut
1477 4706 1503 4758 iu
1525 4705 1595 4759 inani
1610 4720 1673 4759 aere
1691 4706 1783 4759 desua
1805 4706 1962 4775 ipsmsum·

1171 4774 1219 4828 hro
1244 4785 1393 4845 argutetur.
1419 4774 1522 4830 Rursus
1543 4776 1568 4827 in
1593 4774 1746 4829 Christiana
1761 4774 1892 4848 reiigione
1913 4774 1960 4829 doss

1170 4853 1259 4913 gulata
1274 4844 1311 4900 ita
1321 4847 1467 4916 rigescunt,
1479 4856 1508 4899 ut
1522 4842 1579 4900 lere
1589 4846 1743 4899 ruateriales
1755 4848 1960 4919 exterioresque

1171 4917 1272 4984 ligneae
1290 4915 1440 4976 rideantur.
1461 4928 1548 4984 neque
1571 4915 1685 5038 auqdius
1702 4916 1727 4970 iu
1743 4915 1782 4969 eis
1799 4916 1959 4970 interiorem

1171 4986 1342 5055 viridumque
1355 4987 1438 5040 uitam
1450 4986 1570 5108 aspicere
1584 5000 1614 5037 ra
1627 4993 1671 5039 ent
1686 4985 1796 5039 hebetes
1817 4987 1960 5056 timidique

1171 5055 1240 5109 occdi
1253 5071 1356 5122 eorum,
1371 5056 1415 5127 qrri
1435 5068 1517 5125 peres
1530 5057 1637 5125 quidem
1654 5058 1680 5109 iu
1695 5072 1773 5110 sacro
1788 5055 1847 5110 loco
1860 5056 1960 5112 calceis

1172 5128 1349 5191 tturlareruut¹
1371 5126 1465 5180 oeulos
1481 5138 1546 5181 uero
1565 5135 1685 5180 texerunt
1702 5126 1769 5180 retu.
1792 5119 1838 5179 Sic
1854 5126 1954 5181 reuela-

1173 5197 1219 5259 tio,
1240 5212 1320 5266 quam
1335 5198 1367 5250 ‹le
1388 5196 1555 5267 gravissimis
1571 5204 1679 5253 nostrae
1699 5207 1810 5250 aralunae
1821 5198 1958 5265 quaestio·

1172 5268 1251 5320 rrilrns
1269 5268 1393 5337 dogmata
1415 5267 1553 5336 praeirent,
1578 5281 1630 5321 uon
1653 5266 1766 5336 arurplius
1788 5266 1957 5335 intelligitur,

1172 5351 1258 5405 neque
1279 5337 1450 5406 cognoscitur
1469 5337 1600 5399 ueritatis,
1626 5353 1678 5408 qua
1698 5336 1844 5403 abrmrlaul,
1870 5337 1957 5407 pleni-

1172 5410 1245 5461 tudo.
1265 5407 1368 5461 Veritas
1383 5412 1472 5460 autem
1494 5408 1529 5460 ita
1545 5409 1651 5462 drumm
1677 5407 1812 5461 ririllcare
1836 5422 1869 5461 ac
1893 5408 1956 5463 libe·

1169 5490 1230 5531 rare
1246 5485 1343 5546 potest,
1357 5485 1387 5530 ut
1401 5492 1460 5530 earn
1485 5486 1513 5530 et
1527 5493 1574 5546 per
1588 5492 1647 5531 earu
1662 5493 1711 5532 nos
1729 5477 1801 5546 ipsos
1814 5494 1956 5547 requesce-

1169 5562 1237 5611 uors,
1255 5549 1356 5616 etquid
1373 5546 1510 5607 tuoruum,
1524 5558 1552 5602 et
1565 5548 1627 5617 quid
1640 5549 1734 5611 simus,
1754 5558 1782 5602 et
1794 5552 1857 5616 quia
1882 5564 1957 5602 recu·

1168 5632 1264 5685 perure
1277 5617 1434 5679 ulciscentes,
1449 5618 1512 5687 quid
1527 5619 1560 5671 sit
1576 5619 1645 5672 ritae
1657 5614 1764 5672 uestrae
1778 5619 1952 5688 propositum,

1167 5688 1309 5757 rqrralisque
1324 5688 1476 5749 intercedat
1496 5689 1665 5743 necessitudo
1683 5703 1731 5743 nos
1744 5690 1814 5744 iuter
1827 5698 1856 5745 et
1871 5688 1953 5748 Usum

1168 5759 1349 5833 mirandumque
1362 5779 1384 5814 ι.
1396 5760 1528 5815 hainaut.
1547 5757 1624 5815 Eotr.
