<?xml version="1.0" encoding="UTF-8"?>
<!DOCTYPE html PUBLIC "-//W3C//DTD XHTML 1.0 Transitional//EN"
    "http://www.w3.org/TR/xhtml1/DTD/xhtml1-transitional.dtd">
<html xmlns="http://www.w3.org/1999/xhtml" xml:lang="en" lang="en">
 <head>
  <title>
</title>
<meta http-equiv="Content-Type" content="text/html;charset=utf-8" />
  <meta name='ocr-system' content='tesseract 3.04.00' />
  <meta name='ocr-capabilities' content='ocr_page ocr_carea ocr_par ocr_line ocrx_word'/>
</head>
<body>
  <div class='ocr_page' id='page_1' title='image "./operaquaesupers01flosgoog/operaquaesupers01flosgoog_0404.png"; bbox 0 0 4167 6625; ppageno 0'>
   <div class='ocr_carea' id='block_1_1' title="bbox 396 322 1995 420">
    <p class='ocr_par' dir='ltr' id='par_1_1' title="bbox 396 322 1995 420">
     <span class='ocr_line' id='line_1_1' title="bbox 396 322 1995 420; baseline 0.016 -28"><span class='ocrx_word' id='word_1_1' title='bbox 396 340 451 404; x_wconf 79' lang='lat' dir='ltr'>nr</span> <span class='ocrx_word' id='word_1_2' title='bbox 1114 341 1258 402; x_wconf 83' lang='lat' dir='ltr'>rnnnms</span> <span class='ocrx_word' id='word_1_3' title='bbox 1277 339 1377 404; x_wconf 84' lang='lat' dir='ltr'>scon</span> <span class='ocrx_word' id='word_1_4' title='bbox 1628 322 1633 333; x_wconf 87' lang='lat'>&#39;</span> <span class='ocrx_word' id='word_1_5' title='bbox 1805 334 1810 343; x_wconf 85' lang='grc'><em>“</em></span> <span class='ocrx_word' id='word_1_6' title='bbox 1959 360 1995 420; x_wconf 87' lang='lat' dir='ltr'>m</span> 
     </span>
    </p>
   </div>
   <div class='ocr_carea' id='block_1_2' title="bbox 381 455 2031 5213">
    <p class='ocr_par' dir='ltr' id='par_1_2' title="bbox 386 455 2031 3377">
     <span class='ocr_line' id='line_1_2' title="bbox 397 455 1995 541; baseline 0.003 -25"><span class='ocrx_word' id='word_1_7' title='bbox 397 456 500 527; x_wconf 72' lang='lat' dir='ltr'>stabii,</span> <span class='ocrx_word' id='word_1_8' title='bbox 515 465 643 531; x_wconf 88' lang='lat' dir='ltr'>statuque</span> <span class='ocrx_word' id='word_1_9' title='bbox 658 457 751 517; x_wconf 79' lang='lat' dir='ltr'><strong>mobili</strong></span> <span class='ocrx_word' id='word_1_10' title='bbox 773 462 953 530; x_wconf 84' lang='lat' dir='ltr'>compactam.</span> <span class='ocrx_word' id='word_1_11' title='bbox 978 455 1105 532; x_wconf 78' lang='lat' dir='ltr'>Freitqae</span> <span class='ocrx_word' id='word_1_12' title='bbox 1125 457 1195 516; x_wconf 80' lang='lat' dir='ltr'>Dens</span> <span class='ocrx_word' id='word_1_13' title='bbox 1208 462 1235 524; x_wconf 75' lang='grc' dir='ltr'>Α</span> <span class='ocrx_word' id='word_1_14' title='bbox 1247 466 1402 516; x_wconf 88' lang='lat' dir='ltr'>mentorum</span> <span class='ocrx_word' id='word_1_15' title='bbox 1416 457 1631 527; x_wconf 86' lang='lat' dir='ltr'>universitatem,</span> <span class='ocrx_word' id='word_1_16' title='bbox 1655 473 1728 532; x_wconf 89' lang='lat' dir='ltr'>quae</span> <span class='ocrx_word' id='word_1_17' title='bbox 1749 461 1811 518; x_wconf 89' lang='lat' dir='ltr'>dum</span> <span class='ocrx_word' id='word_1_18' title='bbox 1831 476 1878 534; x_wconf 91' lang='lat' dir='ltr'>per</span> <span class='ocrx_word' id='word_1_19' title='bbox 1892 480 1919 525; x_wconf 92' lang='lat' dir='ltr'>se</span> <span class='ocrx_word' id='word_1_20' title='bbox 1932 474 1995 541; x_wconf 58' lang='lat' dir='ltr'>purg</span> 
     </span>
     <span class='ocr_line' id='line_1_3' title="bbox 397 551 1995 633; baseline 0.001 -21"><span class='ocrx_word' id='word_1_21' title='bbox 397 554 452 612; x_wconf 78' lang='lat' dir='ltr'>dte</span> <span class='ocrx_word' id='word_1_22' title='bbox 465 571 564 628; x_wconf 78' lang='lat' dir='ltr'>tropas</span> <span class='ocrx_word' id='word_1_23' title='bbox 578 553 737 620; x_wconf 67' lang='lat' dir='ltr'>laniantia,</span> <span class='ocrx_word' id='word_1_24' title='bbox 761 553 891 612; x_wconf 76' lang='lat' dir='ltr'>inminere</span> <span class='ocrx_word' id='word_1_25' title='bbox 903 554 1002 627; x_wconf 75' lang='lat' dir='ltr'>maias,</span> <span class='ocrx_word' id='word_1_26' title='bbox 1022 563 1051 611; x_wconf 82' lang='lat' dir='ltr'>st</span> <span class='ocrx_word' id='word_1_27' title='bbox 1067 567 1198 627; x_wconf 83' lang='lat' dir='ltr'>praeesset</span> <span class='ocrx_word' id='word_1_28' title='bbox 1247 554 1316 611; x_wconf 84' lang='lat' dir='ltr'>sinna</span> <span class='ocrx_word' id='word_1_29' title='bbox 1341 552 1417 621; x_wconf 88' lang='lat' dir='ltr'>sint,</span> <span class='ocrx_word' id='word_1_30' title='bbox 1444 561 1472 610; x_wconf 92' lang='lat' dir='ltr'>et</span> <span class='ocrx_word' id='word_1_31' title='bbox 1503 551 1789 625; x_wconf 70' lang='lat' dir='ltr'>incomprehensibilia</span> <span class='ocrx_word' id='word_1_32' title='bbox 1812 557 1882 613; x_wconf 90' lang='lat' dir='ltr'>omni</span> <span class='ocrx_word' id='word_1_33' title='bbox 1900 574 1995 633; x_wconf 65' lang='lat' dir='ltr'>corpora,</span> 
     </span>
     <span class='ocr_line' id='line_1_4' title="bbox 396 642 1996 717; baseline 0 -15"><span class='ocrx_word' id='word_1_34' title='bbox 396 643 463 713; x_wconf 83' lang='lat' dir='ltr'>disi,</span> <span class='ocrx_word' id='word_1_35' title='bbox 476 652 500 701; x_wconf 80' lang='lat' dir='ltr'>et</span> <span class='ocrx_word' id='word_1_36' title='bbox 522 645 531 678; x_wconf 80' lang='lat'>⁸</span> <span class='ocrx_word' id='word_1_37' title='bbox 547 644 677 701; x_wconf 79' lang='lat' dir='ltr'>istriam</span> <span class='ocrx_word' id='word_1_38' title='bbox 692 645 790 712; x_wconf 82' lang='lat' dir='ltr'>asinas,</span> <span class='ocrx_word' id='word_1_39' title='bbox 805 654 834 700; x_wconf 87' lang='lat' dir='ltr'>st</span> <span class='ocrx_word' id='word_1_40' title='bbox 847 655 978 717; x_wconf 70' lang='lat' dir='ltr'>praesum</span> <span class='ocrx_word' id='word_1_41' title='bbox 1004 647 1198 715; x_wconf 65' lang='lat' dir='ltr'>scetiotem·</span> <span class='ocrx_word' id='word_1_42' title='bbox 1247 658 1341 713; x_wconf 75' lang='lat' dir='ltr'>mrsu,</span> <span class='ocrx_word' id='word_1_43' title='bbox 1354 655 1383 702; x_wconf 90' lang='lat' dir='ltr'>et</span> <span class='ocrx_word' id='word_1_44' title='bbox 1396 644 1498 717; x_wconf 88' lang='lat' dir='ltr'>ubique</span> <span class='ocrx_word' id='word_1_45' title='bbox 1511 642 1704 701; x_wconf 64' lang='lat' dir='ltr'>univeraliter</span> <span class='ocrx_word' id='word_1_46' title='bbox 1717 643 1824 713; x_wconf 88' lang='lat' dir='ltr'>diffusa,</span> <span class='ocrx_word' id='word_1_47' title='bbox 1845 647 1951 708; x_wconf 73' lang='lat' dir='ltr'>iurishm</span> <span class='ocrx_word' id='word_1_48' title='bbox 1962 670 1996 716; x_wconf 75' lang='lat' dir='ltr'>qq</span> 
     </span>
     <span class='ocr_line' id='line_1_5' title="bbox 396 734 1996 811; baseline 0.003 -18"><span class='ocrx_word' id='word_1_49' title='bbox 396 734 449 803; x_wconf 82' lang='lat' dir='ltr'>lm,</span> <span class='ocrx_word' id='word_1_50' title='bbox 468 744 497 794; x_wconf 89' lang='lat' dir='ltr'>et</span> <span class='ocrx_word' id='word_1_51' title='bbox 514 745 617 803; x_wconf 87' lang='lat' dir='ltr'>cetera,</span> <span class='ocrx_word' id='word_1_52' title='bbox 632 750 703 808; x_wconf 89' lang='lat' dir='ltr'>quae</span> <span class='ocrx_word' id='word_1_53' title='bbox 714 736 749 792; x_wconf 89' lang='lat' dir='ltr'>do</span> <span class='ocrx_word' id='word_1_54' title='bbox 762 735 892 810; x_wconf 92' lang='lat' dir='ltr'>operibus</span> <span class='ocrx_word' id='word_1_55' title='bbox 904 745 1020 809; x_wconf 90' lang='lat' dir='ltr'>quartae</span> <span class='ocrx_word' id='word_1_56' title='bbox 1034 737 1104 796; x_wconf 91' lang='lat' dir='ltr'>lucis</span> <span class='ocrx_word' id='word_1_57' title='bbox 1119 737 1197 796; x_wconf 81' lang='lat' dir='ltr'>Scri·</span> <span class='ocrx_word' id='word_1_58' title='bbox 1245 746 1351 805; x_wconf 90' lang='lat' dir='ltr'>meatu,</span> <span class='ocrx_word' id='word_1_59' title='bbox 1365 736 1644 811; x_wconf 75' lang='lat' dir='ltr'>proportionabilique</span> <span class='ocrx_word' id='word_1_60' title='bbox 1657 737 1734 794; x_wconf 91' lang='lat' dir='ltr'>coitu</span> <span class='ocrx_word' id='word_1_61' title='bbox 1749 737 1776 794; x_wconf 93' lang='lat' dir='ltr'>in</span> <span class='ocrx_word' id='word_1_62' title='bbox 1788 737 1941 810; x_wconf 85' lang='lat' dir='ltr'>seinvicem,</span> <span class='ocrx_word' id='word_1_63' title='bbox 1956 761 1996 804; x_wconf 73' lang='lat' dir='ltr'>en.</span> 
     </span>
     <span class='ocr_line' id='line_1_6' title="bbox 395 825 1994 907; baseline 0.008 -25"><span class='ocrx_word' id='word_1_64' title='bbox 395 833 477 897; x_wconf 84' lang='lat' dir='ltr'>ptura</span> <span class='ocrx_word' id='word_1_65' title='bbox 501 835 708 884; x_wconf 81' lang='lat' dir='ltr'>commemorat.</span> <span class='ocrx_word' id='word_1_66' title='bbox 731 825 771 885; x_wconf 83' lang='lat' dir='ltr'>lie</span> <span class='ocrx_word' id='word_1_67' title='bbox 793 825 982 896; x_wconf 78' lang='lat' dir='ltr'>firmamento,</span> <span class='ocrx_word' id='word_1_68' title='bbox 1006 829 1071 886; x_wconf 91' lang='lat' dir='ltr'>dum</span> <span class='ocrx_word' id='word_1_69' title='bbox 1094 830 1129 887; x_wconf 90' lang='lat' dir='ltr'>de</span> <span class='ocrx_word' id='word_1_70' title='bbox 1152 845 1197 888; x_wconf 88' lang='lat' dir='ltr'>se-</span> <span class='ocrx_word' id='word_1_71' title='bbox 1245 829 1291 887; x_wconf 89' lang='lat' dir='ltr'>nia</span> <span class='ocrx_word' id='word_1_72' title='bbox 1305 844 1420 902; x_wconf 86' lang='lat' dir='ltr'>corpora</span> <span class='ocrx_word' id='word_1_73' title='bbox 1434 829 1573 888; x_wconf 89' lang='lat' dir='ltr'>sensibilia</span> <span class='ocrx_word' id='word_1_74' title='bbox 1585 827 1744 901; x_wconf 87' lang='lat' dir='ltr'>perficiunt,</span> <span class='ocrx_word' id='word_1_75' title='bbox 1761 828 1817 885; x_wconf 85' lang='lat' dir='ltr'>sive</span> <span class='ocrx_word' id='word_1_76' title='bbox 1826 829 1937 890; x_wconf 87' lang='lat' dir='ltr'>caelestia</span> <span class='ocrx_word' id='word_1_77' title='bbox 1951 836 1994 907; x_wconf 81' lang='lat' dir='ltr'>tint,</span> 
     </span>
     <span class='ocr_line' id='line_1_7' title="bbox 396 919 1995 993; baseline 0.004 -17"><span class='ocrx_word' id='word_1_78' title='bbox 396 920 486 977; x_wconf 81' lang='lat' dir='ltr'>eatrda</span> <span class='ocrx_word' id='word_1_79' title='bbox 500 919 545 977; x_wconf 90' lang='lat' dir='ltr'>die</span> <span class='ocrx_word' id='word_1_80' title='bbox 560 919 755 988; x_wconf 79' lang='lat' dir='ltr'>naenbamus,</span> <span class='ocrx_word' id='word_1_81' title='bbox 777 935 848 993; x_wconf 90' lang='lat' dir='ltr'>quae</span> <span class='ocrx_word' id='word_1_82' title='bbox 871 923 951 980; x_wconf 91' lang='lat' dir='ltr'>uobis</span> <span class='ocrx_word' id='word_1_83' title='bbox 964 924 1124 981; x_wconf 87' lang='lat' dir='ltr'>verisimilia</span> <span class='ocrx_word' id='word_1_84' title='bbox 1137 926 1195 985; x_wconf 87' lang='lat' dir='ltr'>visa</span> <span class='ocrx_word' id='word_1_85' title='bbox 1248 924 1308 983; x_wconf 85' lang='lat' dir='ltr'>sive</span> <span class='ocrx_word' id='word_1_86' title='bbox 1320 938 1413 990; x_wconf 85' lang='lat' dir='ltr'>aerea,</span> <span class='ocrx_word' id='word_1_87' title='bbox 1427 923 1485 980; x_wconf 91' lang='lat' dir='ltr'>slve</span> <span class='ocrx_word' id='word_1_88' title='bbox 1497 921 1634 993; x_wconf 89' lang='lat' dir='ltr'>aquatica,</span> <span class='ocrx_word' id='word_1_89' title='bbox 1649 921 1711 979; x_wconf 86' lang='lat' dir='ltr'>sive</span> <span class='ocrx_word' id='word_1_90' title='bbox 1728 930 1843 988; x_wconf 86' lang='lat' dir='ltr'>terrem,</span> <span class='ocrx_word' id='word_1_91' title='bbox 1854 923 1995 987; x_wconf 78' lang='lat' dir='ltr'>sirenasim</span> 
     </span>
     <span class='ocr_line' id='line_1_8' title="bbox 395 1010 1995 1088; baseline 0.003 -20"><span class='ocrx_word' id='word_1_92' title='bbox 395 1018 472 1077; x_wconf 80' lang='lat' dir='ltr'>suat,</span> <span class='ocrx_word' id='word_1_93' title='bbox 485 1011 671 1083; x_wconf 78' lang='lat' dir='ltr'>exposuimus.</span> <span class='ocrx_word' id='word_1_94' title='bbox 697 1010 758 1070; x_wconf 85' lang='lat' dir='ltr'>tien</span> <span class='ocrx_word' id='word_1_95' title='bbox 782 1013 874 1081; x_wconf 90' lang='lat' dir='ltr'>enim,</span> <span class='ocrx_word' id='word_1_96' title='bbox 893 1022 924 1071; x_wconf 93' lang='lat' dir='ltr'>ut</span> <span class='ocrx_word' id='word_1_97' title='bbox 937 1016 1045 1088; x_wconf 78' lang='lat' dir='ltr'>opinor,</span> <span class='ocrx_word' id='word_1_98' title='bbox 1060 1015 1134 1074; x_wconf 90' lang='lat' dir='ltr'>aliud</span> <span class='ocrx_word' id='word_1_99' title='bbox 1148 1018 1196 1075; x_wconf 87' lang='lat' dir='ltr'>lir-</span> <span class='ocrx_word' id='word_1_100' title='bbox 1244 1014 1332 1083; x_wconf 77' lang='lat' dir='ltr'>sint&#39;,</span> <span class='ocrx_word' id='word_1_101' title='bbox 1348 1016 1406 1072; x_wconf 83' lang='lat' dir='ltr'>sine</span> <span class='ocrx_word' id='word_1_102' title='bbox 1419 1015 1540 1080; x_wconf 89' lang='lat' dir='ltr'>minima,</span> <span class='ocrx_word' id='word_1_103' title='bbox 1553 1014 1612 1072; x_wconf 90' lang='lat' dir='ltr'>sire</span> <span class='ocrx_word' id='word_1_104' title='bbox 1624 1014 1729 1081; x_wconf 88' lang='lat' dir='ltr'>media,</span> <span class='ocrx_word' id='word_1_105' title='bbox 1745 1021 1785 1081; x_wconf 92' lang='lat' dir='ltr'>et,</span> <span class='ocrx_word' id='word_1_106' title='bbox 1798 1022 1828 1070; x_wconf 92' lang='lat' dir='ltr'>ut</span> <span class='ocrx_word' id='word_1_107' title='bbox 1852 1015 1995 1081; x_wconf 68' lang='lat' dir='ltr'>universim</span> 
     </span>
     <span class='ocr_line' id='line_1_9' title="bbox 395 1103 1993 1181; baseline 0 -21"><span class='ocrx_word' id='word_1_108' title='bbox 395 1110 563 1160; x_wconf 82' lang='lat' dir='ltr'>mamertum</span> <span class='ocrx_word' id='word_1_109' title='bbox 578 1104 698 1162; x_wconf 71' lang='lat' dir='ltr'>meeum</span> <span class='ocrx_word' id='word_1_110' title='bbox 709 1103 754 1162; x_wconf 90' lang='lat' dir='ltr'>die</span> <span class='ocrx_word' id='word_1_111' title='bbox 767 1113 811 1161; x_wconf 91' lang='lat' dir='ltr'>est</span> <span class='ocrx_word' id='word_1_112' title='bbox 829 1104 931 1163; x_wconf 91' lang='lat' dir='ltr'>factum</span> <span class='ocrx_word' id='word_1_113' title='bbox 953 1107 980 1163; x_wconf 93' lang='lat' dir='ltr'>in</span> <span class='ocrx_word' id='word_1_114' title='bbox 1000 1107 1092 1165; x_wconf 90' lang='lat' dir='ltr'>medio</span> <span class='ocrx_word' id='word_1_115' title='bbox 1108 1124 1194 1180; x_wconf 88' lang='lat' dir='ltr'>aqua·</span> <span class='ocrx_word' id='word_1_116' title='bbox 1244 1106 1343 1174; x_wconf 87' lang='lat' dir='ltr'>dicam,</span> <span class='ocrx_word' id='word_1_117' title='bbox 1360 1114 1417 1164; x_wconf 89' lang='lat' dir='ltr'>tota</span> <span class='ocrx_word' id='word_1_118' title='bbox 1430 1105 1556 1164; x_wconf 88' lang='lat' dir='ltr'>caelestis</span> <span class='ocrx_word' id='word_1_119' title='bbox 1569 1105 1700 1179; x_wconf 82' lang='lat' dir='ltr'>sphaera,</span> <span class='ocrx_word' id='word_1_120' title='bbox 1715 1112 1746 1161; x_wconf 90' lang='lat' dir='ltr'>et</span> <span class='ocrx_word' id='word_1_121' title='bbox 1757 1105 1858 1173; x_wconf 88' lang='lat' dir='ltr'>omnia,</span> <span class='ocrx_word' id='word_1_122' title='bbox 1873 1112 1993 1181; x_wconf 67' lang='lat' dir='ltr'>quens,</span> 
     </span>
     <span class='ocr_line' id='line_1_10' title="bbox 394 1196 1994 1270; baseline 0.004 -17"><span class='ocrx_word' id='word_1_123' title='bbox 394 1211 467 1263; x_wconf 86' lang='lat' dir='ltr'>roan,</span> <span class='ocrx_word' id='word_1_124' title='bbox 482 1204 510 1253; x_wconf 89' lang='lat' dir='ltr'>et</span> <span class='ocrx_word' id='word_1_125' title='bbox 524 1196 609 1264; x_wconf 90' lang='lat' dir='ltr'>aliud,</span> <span class='ocrx_word' id='word_1_126' title='bbox 631 1198 660 1253; x_wconf 92' lang='lat' dir='ltr'>in</span> <span class='ocrx_word' id='word_1_127' title='bbox 681 1211 737 1269; x_wconf 86' lang='lat' dir='ltr'>quo</span> <span class='ocrx_word' id='word_1_128' title='bbox 757 1204 857 1270; x_wconf 87' lang='lat' dir='ltr'>quarto</span> <span class='ocrx_word' id='word_1_129' title='bbox 881 1197 926 1254; x_wconf 89' lang='lat' dir='ltr'>die</span> <span class='ocrx_word' id='word_1_130' title='bbox 949 1196 1020 1256; x_wconf 87' lang='lat' dir='ltr'>facta</span> <span class='ocrx_word' id='word_1_131' title='bbox 1044 1208 1088 1256; x_wconf 90' lang='lat' dir='ltr'>est</span> <span class='ocrx_word' id='word_1_132' title='bbox 1108 1198 1195 1257; x_wconf 91' lang='lat' dir='ltr'>series</span> <span class='ocrx_word' id='word_1_133' title='bbox 1244 1207 1362 1257; x_wconf 85' lang='lat' dir='ltr'>etestra</span> <span class='ocrx_word' id='word_1_134' title='bbox 1372 1197 1395 1233; x_wconf 82' lang='lat'>¹⁸</span> <span class='ocrx_word' id='word_1_135' title='bbox 1408 1212 1470 1256; x_wconf 88' lang='lat' dir='ltr'>earn</span> <span class='ocrx_word' id='word_1_136' title='bbox 1481 1199 1503 1231; x_wconf 85' lang='lat'>¹¹</span> <span class='ocrx_word' id='word_1_137' title='bbox 1518 1212 1535 1254; x_wconf 91' lang='lat' dir='ltr'>a</span> <span class='ocrx_word' id='word_1_138' title='bbox 1549 1211 1657 1255; x_wconf 92' lang='lat' dir='ltr'>summo</span> <span class='ocrx_word' id='word_1_139' title='bbox 1674 1210 1766 1268; x_wconf 89' lang='lat' dir='ltr'>usque</span> <span class='ocrx_word' id='word_1_140' title='bbox 1783 1198 1994 1259; x_wconf 82' lang='lat' dir='ltr'>deorsnn¹¹msi=</span> 
     </span>
     <span class='ocr_line' id='line_1_11' title="bbox 394 1285 1994 1364; baseline -0.001 -20"><span class='ocrx_word' id='word_1_141' title='bbox 394 1286 554 1344; x_wconf 68' lang='lat' dir='ltr'>messium</span> <span class='ocrx_word' id='word_1_142' title='bbox 577 1285 763 1343; x_wconf 90' lang='lat' dir='ltr'>luminarium.</span> <span class='ocrx_word' id='word_1_143' title='bbox 790 1285 930 1358; x_wconf 82' lang='lat' dir='ltr'>Siquidem</span> <span class='ocrx_word' id='word_1_144' title='bbox 954 1287 978 1344; x_wconf 88' lang='lat' dir='ltr'>si</span> <span class='ocrx_word' id='word_1_145' title='bbox 1003 1285 1077 1344; x_wconf 91' lang='lat' dir='ltr'>aliud</span> <span class='ocrx_word' id='word_1_146' title='bbox 1101 1297 1194 1356; x_wconf 90' lang='lat' dir='ltr'>essct,</span> <span class='ocrx_word' id='word_1_147' title='bbox 1244 1299 1354 1358; x_wconf 88' lang='lat' dir='ltr'>nentur,</span> <span class='ocrx_word' id='word_1_148' title='bbox 1367 1304 1463 1347; x_wconf 93' lang='lat' dir='ltr'>eorum</span> <span class='ocrx_word' id='word_1_149' title='bbox 1478 1304 1612 1347; x_wconf 90' lang='lat' dir='ltr'>concursu</span> <span class='ocrx_word' id='word_1_150' title='bbox 1625 1297 1694 1345; x_wconf 90' lang='lat' dir='ltr'>nata</span> <span class='ocrx_word' id='word_1_151' title='bbox 1707 1287 1732 1322; x_wconf 84' lang='lat'>¹⁸</span> <span class='ocrx_word' id='word_1_152' title='bbox 1746 1295 1822 1355; x_wconf 84' lang='lat' dir='ltr'>sant,</span> <span class='ocrx_word' id='word_1_153' title='bbox 1834 1297 1860 1344; x_wconf 91' lang='lat' dir='ltr'>et</span> <span class='ocrx_word' id='word_1_154' title='bbox 1872 1292 1994 1364; x_wconf 67' lang='grc' dir='ltr'>ῃίιῃῑίιι</span> 
     </span>
     <span class='ocr_line' id='line_1_12' title="bbox 393 1376 1993 1452; baseline 0 -18"><span class='ocrx_word' id='word_1_155' title='bbox 393 1376 521 1435; x_wconf 83' lang='lat' dir='ltr'>fortassis</span> <span class='ocrx_word' id='word_1_156' title='bbox 536 1376 677 1448; x_wconf 84' lang='lat' dir='ltr'>Scriptura</span> <span class='ocrx_word' id='word_1_157' title='bbox 693 1390 748 1433; x_wconf 92' lang='lat' dir='ltr'>uon</span> <span class='ocrx_word' id='word_1_158' title='bbox 763 1376 867 1444; x_wconf 89' lang='lat' dir='ltr'>sileret,</span> <span class='ocrx_word' id='word_1_159' title='bbox 880 1378 928 1436; x_wconf 68' lang='lat' dir='ltr'>md</span> <span class='ocrx_word' id='word_1_160' title='bbox 942 1379 1057 1447; x_wconf 87' lang='lat' dir='ltr'>diceret,</span> <span class='ocrx_word' id='word_1_161' title='bbox 1072 1380 1138 1437; x_wconf 87' lang='lat' dir='ltr'>haut</span> <span class='ocrx_word' id='word_1_162' title='bbox 1153 1379 1195 1436; x_wconf 92' lang='lat' dir='ltr'>lu·</span> <span class='ocrx_word' id='word_1_163' title='bbox 1244 1379 1341 1437; x_wconf 89' lang='lat' dir='ltr'>ordine</span> <span class='ocrx_word' id='word_1_164' title='bbox 1351 1379 1505 1438; x_wconf 86' lang='lat' dir='ltr'>seculorum</span> <span class='ocrx_word' id='word_1_165' title='bbox 1516 1378 1712 1436; x_wconf 85' lang='lat' dir='ltr'>vicissitudine</span> <span class='ocrx_word' id='word_1_166' title='bbox 1725 1392 1820 1435; x_wconf 86' lang='lat' dir='ltr'>rerum</span> <span class='ocrx_word' id='word_1_167' title='bbox 1833 1380 1993 1452; x_wconf 57' lang='lat' dir='ltr'>mundities</span> 
     </span>
     <span class='ocr_line' id='line_1_13' title="bbox 395 1464 1989 1542; baseline 0.003 -17"><span class='ocrx_word' id='word_1_168' title='bbox 395 1466 524 1534; x_wconf 80' lang='lat' dir='ltr'>minaria,</span> <span class='ocrx_word' id='word_1_169' title='bbox 539 1465 778 1524; x_wconf 87' lang='lat' dir='ltr'>etiirmamentum</span> <span class='ocrx_word' id='word_1_170' title='bbox 792 1466 872 1534; x_wconf 85' lang='lat' dir='ltr'>caeli.</span> <span class='ocrx_word' id='word_1_171' title='bbox 883 1468 955 1525; x_wconf 70' lang='lat' dir='ltr'>shut</span> <span class='ocrx_word' id='word_1_172' title='bbox 967 1468 1038 1526; x_wconf 80' lang='lat' dir='ltr'>dixit</span> <span class='ocrx_word' id='word_1_173' title='bbox 1049 1484 1056 1525; x_wconf 78' lang='grc' dir='ltr'>ι</span> <span class='ocrx_word' id='word_1_174' title='bbox 1066 1464 1131 1524; x_wconf 76' lang='lat' dir='ltr'>Fiet</span> <span class='ocrx_word' id='word_1_175' title='bbox 1144 1469 1194 1539; x_wconf 73' lang='lat' dir='ltr'>fir·</span> <span class='ocrx_word' id='word_1_176' title='bbox 1244 1469 1377 1538; x_wconf 89' lang='lat' dir='ltr'>nascitur,</span> <span class='ocrx_word' id='word_1_177' title='bbox 1402 1469 1438 1527; x_wconf 92' lang='lat' dir='ltr'>ab</span> <span class='ocrx_word' id='word_1_178' title='bbox 1459 1469 1526 1542; x_wconf 87' lang='lat' dir='ltr'>ipsis</span> <span class='ocrx_word' id='word_1_179' title='bbox 1546 1468 1682 1541; x_wconf 77' lang='lat' dir='ltr'>propedit,</span> <span class='ocrx_word' id='word_1_180' title='bbox 1706 1476 1737 1525; x_wconf 89' lang='lat' dir='ltr'>et</span> <span class='ocrx_word' id='word_1_181' title='bbox 1759 1467 1789 1524; x_wconf 90' lang='lat' dir='ltr'>ln</span> <span class='ocrx_word' id='word_1_182' title='bbox 1813 1469 1865 1542; x_wconf 90' lang='lat' dir='ltr'>ipsa</span> <span class='ocrx_word' id='word_1_183' title='bbox 1880 1470 1989 1531; x_wconf 80' lang='grc' dir='ltr'>ιιιιίιίίιι.</span> 
     </span>
     <span class='ocr_line' id='line_1_14' title="bbox 394 1554 1990 1640; baseline 0.004 -29"><span class='ocrx_word' id='word_1_184' title='bbox 394 1565 557 1612; x_wconf 70' lang='lat' dir='ltr'>mamertem</span> <span class='ocrx_word' id='word_1_185' title='bbox 572 1554 601 1611; x_wconf 84' lang='lat' dir='ltr'>is</span> <span class='ocrx_word' id='word_1_186' title='bbox 615 1555 702 1611; x_wconf 84' lang='lat' dir='ltr'>medio</span> <span class='ocrx_word' id='word_1_187' title='bbox 716 1571 858 1628; x_wconf 72' lang='lat' dir='ltr'>aquensi.</span> <span class='ocrx_word' id='word_1_188' title='bbox 883 1554 961 1613; x_wconf 82' lang='lat' dir='ltr'>lluno</span> <span class='ocrx_word' id='word_1_189' title='bbox 984 1566 1098 1625; x_wconf 89' lang='lat' dir='ltr'>autem,</span> <span class='ocrx_word' id='word_1_190' title='bbox 1124 1572 1194 1630; x_wconf 91' lang='lat' dir='ltr'>quo·</span> <span class='ocrx_word' id='word_1_191' title='bbox 1244 1558 1319 1618; x_wconf 83' lang='lat' dir='ltr'>llaec</span> <span class='ocrx_word' id='word_1_192' title='bbox 1332 1570 1423 1626; x_wconf 74' lang='lat' dir='ltr'>numm</span> <span class='ocrx_word' id='word_1_193' title='bbox 1436 1569 1568 1618; x_wconf 90' lang='lat' dir='ltr'>vocantur</span> <span class='ocrx_word' id='word_1_194' title='bbox 1581 1574 1596 1615; x_wconf 92' lang='lat' dir='ltr'>a</span> <span class='ocrx_word' id='word_1_195' title='bbox 1609 1558 1729 1617; x_wconf 83' lang='lat' dir='ltr'>Graecis</span> <span class='ocrx_word' id='word_1_196' title='bbox 1741 1566 1810 1639; x_wconf 74' lang='lat' dir='ltr'>rip,</span> <span class='ocrx_word' id='word_1_197' title='bbox 1822 1561 1877 1634; x_wconf 79' lang='lat' dir='ltr'>iip.</span> <span class='ocrx_word' id='word_1_198' title='bbox 1893 1560 1947 1640; x_wconf 72' lang='lat' dir='ltr'>iiep,</span> <span class='ocrx_word' id='word_1_199' title='bbox 1957 1570 1990 1636; x_wconf 68' lang='lat' dir='ltr'>qt,</span> 
     </span>
     <span class='ocr_line' id='line_1_15' title="bbox 394 1643 1993 1725; baseline 0.004 -22"><span class='ocrx_word' id='word_1_200' title='bbox 394 1644 469 1704; x_wconf 85' lang='lat' dir='ltr'>niam</span> <span class='ocrx_word' id='word_1_201' title='bbox 490 1659 545 1702; x_wconf 94' lang='lat' dir='ltr'>non</span> <span class='ocrx_word' id='word_1_202' title='bbox 568 1643 648 1710; x_wconf 83' lang='lat' dir='ltr'>dixit,</span> <span class='ocrx_word' id='word_1_203' title='bbox 672 1643 721 1700; x_wconf 88' lang='lat' dir='ltr'>liat</span> <span class='ocrx_word' id='word_1_204' title='bbox 740 1643 955 1714; x_wconf 75' lang='lat' dir='ltr'>firmamentum,</span> <span class='ocrx_word' id='word_1_205' title='bbox 974 1646 1022 1704; x_wconf 86' lang='lat' dir='ltr'>sed</span> <span class='ocrx_word' id='word_1_206' title='bbox 1035 1647 1103 1717; x_wconf 69' lang='lat' dir='ltr'>fiant</span> <span class='ocrx_word' id='word_1_207' title='bbox 1115 1646 1195 1703; x_wconf 81' lang='lat' dir='ltr'>lanvi-</span> <span class='ocrx_word' id='word_1_208' title='bbox 1245 1652 1299 1711; x_wconf 90' lang='lat' dir='ltr'>hoc</span> <span class='ocrx_word' id='word_1_209' title='bbox 1311 1661 1366 1723; x_wconf 90' lang='lat' dir='ltr'>est,</span> <span class='ocrx_word' id='word_1_210' title='bbox 1377 1652 1458 1725; x_wconf 89' lang='lat' dir='ltr'>iguis,</span> <span class='ocrx_word' id='word_1_211' title='bbox 1471 1666 1529 1721; x_wconf 90' lang='lat' dir='ltr'>aer,</span> <span class='ocrx_word' id='word_1_212' title='bbox 1545 1666 1627 1724; x_wconf 87' lang='lat' dir='ltr'>aqua,</span> <span class='ocrx_word' id='word_1_213' title='bbox 1644 1659 1733 1718; x_wconf 89' lang='lat' dir='ltr'>terra,</span> <span class='ocrx_word' id='word_1_214' title='bbox 1747 1665 1783 1709; x_wconf 84' lang='lat' dir='ltr'>es</span> <span class='ocrx_word' id='word_1_215' title='bbox 1797 1650 1993 1710; x_wconf 83' lang='lat' dir='ltr'>nominiburnui·</span> 
     </span>
     <span class='ocr_line' id='line_1_16' title="bbox 394 1735 1996 1814; baseline 0.003 -22"><span class='ocrx_word' id='word_1_216' title='bbox 394 1737 473 1792; x_wconf 79' lang='lat' dir='ltr'>arrio</span> <span class='ocrx_word' id='word_1_217' title='bbox 498 1736 527 1792; x_wconf 84' lang='lat' dir='ltr'>ia</span> <span class='ocrx_word' id='word_1_218' title='bbox 549 1736 728 1805; x_wconf 72' lang='lat' dir='ltr'>firmamento,</span> <span class='ocrx_word' id='word_1_219' title='bbox 754 1735 830 1792; x_wconf 88' lang='lat' dir='ltr'>clare</span> <span class='ocrx_word' id='word_1_220' title='bbox 849 1736 930 1794; x_wconf 91' lang='lat' dir='ltr'>datur</span> <span class='ocrx_word' id='word_1_221' title='bbox 953 1736 1085 1810; x_wconf 89' lang='lat' dir='ltr'>intelligi,</span> <span class='ocrx_word' id='word_1_222' title='bbox 1109 1753 1194 1795; x_wconf 93' lang='lat' dir='ltr'>unum</span> <span class='ocrx_word' id='word_1_223' title='bbox 1245 1756 1353 1799; x_wconf 88' lang='lat' dir='ltr'>morum</span> <span class='ocrx_word' id='word_1_224' title='bbox 1368 1757 1525 1814; x_wconf 88' lang='lat' dir='ltr'>corporum,</span> <span class='ocrx_word' id='word_1_225' title='bbox 1540 1740 1664 1814; x_wconf 83' lang='lat' dir='ltr'>qnae&#39;ex</span> <span class='ocrx_word' id='word_1_226' title='bbox 1683 1740 1728 1797; x_wconf 89' lang='lat' dir='ltr'>eis</span> <span class='ocrx_word' id='word_1_227' title='bbox 1742 1740 1996 1812; x_wconf 85' lang='lat' dir='ltr'>componuutm,desu·</span> 
     </span>
     <span class='ocr_line' id='line_1_17' title="bbox 393 1818 1993 1904; baseline 0.002 -18"><span class='ocrx_word' id='word_1_228' title='bbox 393 1827 567 1900; x_wconf 79' lang='lat' dir='ltr'>idipsumque</span> <span class='ocrx_word' id='word_1_229' title='bbox 579 1842 642 1885; x_wconf 87' lang='lat' dir='ltr'>esse</span> <span class='ocrx_word' id='word_1_230' title='bbox 655 1828 867 1898; x_wconf 77' lang='lat' dir='ltr'>armamentum,</span> <span class='ocrx_word' id='word_1_231' title='bbox 883 1828 956 1902; x_wconf 90' lang='lat' dir='ltr'>quod</span> <span class='ocrx_word' id='word_1_232' title='bbox 972 1831 1093 1888; x_wconf 75' lang='lat' dir='ltr'>soeundc</span> <span class='ocrx_word' id='word_1_233' title='bbox 1104 1832 1149 1890; x_wconf 89' lang='lat' dir='ltr'>die</span> <span class='ocrx_word' id='word_1_234' title='bbox 1164 1833 1192 1890; x_wconf 92' lang='lat' dir='ltr'>in</span> <span class='ocrx_word' id='word_1_235' title='bbox 1207 1818 1231 1880; x_wconf 78' lang='grc' dir='ltr'><strong><em>Β</em></strong></span> <span class='ocrx_word' id='word_1_236' title='bbox 1244 1833 1358 1893; x_wconf 87' lang='lat' dir='ltr'>minata.</span> <span class='ocrx_word' id='word_1_237' title='bbox 1374 1831 1426 1891; x_wconf 81' lang='lat' dir='ltr'>ilbi</span> <span class='ocrx_word' id='word_1_238' title='bbox 1445 1831 1606 1899; x_wconf 84' lang='lat' dir='ltr'>notandum,</span> <span class='ocrx_word' id='word_1_239' title='bbox 1623 1831 1700 1904; x_wconf 90' lang='lat' dir='ltr'>quod</span> <span class='ocrx_word' id='word_1_240' title='bbox 1715 1847 1772 1890; x_wconf 92' lang='lat' dir='ltr'>non</span> <span class='ocrx_word' id='word_1_241' title='bbox 1786 1846 1820 1887; x_wconf 83' lang='lat' dir='ltr'>es</span> <span class='ocrx_word' id='word_1_242' title='bbox 1831 1830 1897 1889; x_wconf 90' lang='lat' dir='ltr'>coitu</span> <span class='ocrx_word' id='word_1_243' title='bbox 1905 1832 1993 1889; x_wconf 85' lang='lat' dir='ltr'>mittar·</span> 
     </span>
     <span class='ocr_line' id='line_1_18' title="bbox 393 1918 1995 1996; baseline 0.001 -19"><span class='ocrx_word' id='word_1_244' title='bbox 393 1921 487 1979; x_wconf 79' lang='lat' dir='ltr'>medio</span> <span class='ocrx_word' id='word_1_245' title='bbox 509 1918 611 1978; x_wconf 89' lang='lat' dir='ltr'>iactum</span> <span class='ocrx_word' id='word_1_246' title='bbox 626 1930 668 1978; x_wconf 90' lang='lat' dir='ltr'>est</span> <span class='ocrx_word' id='word_1_247' title='bbox 682 1936 826 1993; x_wconf 86' lang='lat' dir='ltr'>aquarum,</span> <span class='ocrx_word' id='word_1_248' title='bbox 842 1931 871 1979; x_wconf 91' lang='lat' dir='ltr'>et</span> <span class='ocrx_word' id='word_1_249' title='bbox 893 1923 922 1981; x_wconf 92' lang='lat' dir='ltr'>ln</span> <span class='ocrx_word' id='word_1_250' title='bbox 945 1940 1000 1996; x_wconf 90' lang='lat' dir='ltr'>qno</span> <span class='ocrx_word' id='word_1_251' title='bbox 1017 1926 1190 1996; x_wconf 87' lang='lat' dir='ltr'>postmodum</span> <span class='ocrx_word' id='word_1_252' title='bbox 1243 1923 1350 1981; x_wconf 89' lang='lat' dir='ltr'>tlalium</span> <span class='ocrx_word' id='word_1_253' title='bbox 1371 1922 1589 1989; x_wconf 88' lang='lat' dir='ltr'>elementorum,</span> <span class='ocrx_word' id='word_1_254' title='bbox 1612 1921 1681 1979; x_wconf 92' lang='lat' dir='ltr'>dum</span> <span class='ocrx_word' id='word_1_255' title='bbox 1705 1922 1765 1979; x_wconf 92' lang='lat' dir='ltr'>sint</span> <span class='ocrx_word' id='word_1_256' title='bbox 1785 1920 1995 1992; x_wconf 83' lang='lat' dir='ltr'>ineormptibit&#39;aet</span> 
     </span>
     <span class='ocr_line' id='line_1_19' title="bbox 392 2008 1995 2089; baseline -0.002 -20"><span class='ocrx_word' id='word_1_257' title='bbox 392 2025 449 2070; x_wconf 87' lang='lat' dir='ltr'>non</span> <span class='ocrx_word' id='word_1_258' title='bbox 464 2012 552 2083; x_wconf 91' lang='lat' dir='ltr'>spatio</span> <span class='ocrx_word' id='word_1_259' title='bbox 567 2013 708 2083; x_wconf 86' lang='lat' dir='ltr'>temporis,</span> <span class='ocrx_word' id='word_1_260' title='bbox 732 2013 780 2070; x_wconf 88' lang='lat' dir='ltr'>sed</span> <span class='ocrx_word' id='word_1_261' title='bbox 803 2013 932 2071; x_wconf 88' lang='lat' dir='ltr'>distantia</span> <span class='ocrx_word' id='word_1_262' title='bbox 957 2016 1134 2088; x_wconf 78' lang='lat' dir='ltr'>propheticae</span> <span class='ocrx_word' id='word_1_263' title='bbox 1151 2017 1192 2074; x_wconf 86' lang='lat' dir='ltr'>vi·</span> <span class='ocrx_word' id='word_1_264' title='bbox 1242 2012 1407 2081; x_wconf 88' lang='lat' dir='ltr'>lnsolubilia,</span> <span class='ocrx_word' id='word_1_265' title='bbox 1429 2013 1478 2071; x_wconf 91' lang='lat' dir='ltr'>sed</span> <span class='ocrx_word' id='word_1_266' title='bbox 1499 2029 1533 2071; x_wconf 85' lang='lat' dir='ltr'>es</span> <span class='ocrx_word' id='word_1_267' title='bbox 1552 2011 1686 2089; x_wconf 47' lang='lat' dir='ltr'>eorum?</span> <span class='ocrx_word' id='word_1_268' title='bbox 1704 2011 1877 2084; x_wconf 86' lang='lat' dir='ltr'>qualitatihus</span> <span class='ocrx_word' id='word_1_269' title='bbox 1895 2008 1936 2067; x_wconf 84' lang='lat' dir='ltr'>tibi</span> <span class='ocrx_word' id='word_1_270' title='bbox 1950 2010 1995 2067; x_wconf 87' lang='lat' dir='ltr'>ini·</span> 
     </span>
     <span class='ocr_line' id='line_1_20' title="bbox 392 2099 1994 2181; baseline -0.001 -21"><span class='ocrx_word' id='word_1_271' title='bbox 392 2099 490 2170; x_wconf 87' lang='lat' dir='ltr'>tionis,</span> <span class='ocrx_word' id='word_1_272' title='bbox 505 2101 611 2160; x_wconf 77' lang='lat' dir='ltr'>siderea</span> <span class='ocrx_word' id='word_1_273' title='bbox 627 2102 771 2161; x_wconf 86' lang='lat' dir='ltr'>luminaria</span> <span class='ocrx_word' id='word_1_274' title='bbox 792 2105 904 2163; x_wconf 91' lang='lat' dir='ltr'>condita</span> <span class='ocrx_word' id='word_1_275' title='bbox 921 2114 995 2164; x_wconf 90' lang='lat' dir='ltr'>suut.</span> <span class='ocrx_word' id='word_1_276' title='bbox 1017 2106 1086 2165; x_wconf 84' lang='lat' dir='ltr'>Cum</span> <span class='ocrx_word' id='word_1_277' title='bbox 1109 2108 1193 2181; x_wconf 91' lang='lat' dir='ltr'>igitur</span> <span class='ocrx_word' id='word_1_278' title='bbox 1242 2119 1301 2165; x_wconf 86' lang='lat' dir='ltr'>cem</span> <span class='ocrx_word' id='word_1_279' title='bbox 1321 2106 1561 2178; x_wconf 79' lang='lat' dir='ltr'>proportionaliter</span> <span class='ocrx_word' id='word_1_280' title='bbox 1576 2105 1600 2139; x_wconf 84' lang='lat'>¹⁸</span> <span class='ocrx_word' id='word_1_281' title='bbox 1615 2105 1756 2178; x_wconf 91' lang='lat' dir='ltr'>copulatis</span> <span class='ocrx_word' id='word_1_282' title='bbox 1775 2118 1885 2176; x_wconf 89' lang='lat' dir='ltr'>corpora</span> <span class='ocrx_word' id='word_1_283' title='bbox 1899 2101 1994 2160; x_wconf 74' lang='lat' dir='ltr'>midi</span> 
     </span>
     <span class='ocr_line' id='line_1_21' title="bbox 391 2195 1993 2274; baseline -0.002 -20"><span class='ocrx_word' id='word_1_284' title='bbox 391 2195 446 2254; x_wconf 83' lang='lat' dir='ltr'>trta</span> <span class='ocrx_word' id='word_1_285' title='bbox 460 2202 578 2269; x_wconf 73' lang='lat' dir='ltr'>corpora·</span> <span class='ocrx_word' id='word_1_286' title='bbox 588 2197 709 2254; x_wconf 73' lang='lat' dir='ltr'>manium</span> <span class='ocrx_word' id='word_1_287' title='bbox 723 2198 817 2256; x_wconf 86' lang='lat' dir='ltr'>mundi</span> <span class='ocrx_word' id='word_1_288' title='bbox 832 2200 897 2267; x_wconf 91' lang='lat' dir='ltr'>sint,</span> <span class='ocrx_word' id='word_1_289' title='bbox 912 2208 943 2256; x_wconf 94' lang='lat' dir='ltr'>ut</span> <span class='ocrx_word' id='word_1_290' title='bbox 954 2200 1109 2274; x_wconf 83' lang='lat' dir='ltr'>philosophi</span> <span class='ocrx_word' id='word_1_291' title='bbox 1129 2215 1192 2274; x_wconf 89' lang='lat' dir='ltr'>per·</span> <span class='ocrx_word' id='word_1_292' title='bbox 1242 2198 1435 2257; x_wconf 84' lang='lat' dir='ltr'>coniciuntur.</span> <span class='ocrx_word' id='word_1_293' title='bbox 1446 2195 1993 2271; x_wconf 83' lang='lat' dir='ltr'>Qualitatesautemquattuorelsmmterm</span> 
     </span>
     <span class='ocr_line' id='line_1_22' title="bbox 390 2285 1992 2365; baseline -0.004 -18"><span class='ocrx_word' id='word_1_294' title='bbox 390 2286 497 2358; x_wconf 74' lang='lat' dir='ltr'>hibent,</span> <span class='ocrx_word' id='word_1_295' title='bbox 512 2304 628 2362; x_wconf 86' lang='lat' dir='ltr'>quornm</span> <span class='ocrx_word' id='word_1_296' title='bbox 643 2304 727 2347; x_wconf 88' lang='lat' dir='ltr'>uuum</span> <span class='ocrx_word' id='word_1_297' title='bbox 751 2289 886 2358; x_wconf 89' lang='lat' dir='ltr'>infimum,</span> <span class='ocrx_word' id='word_1_298' title='bbox 912 2292 1087 2365; x_wconf 91' lang='lat' dir='ltr'>mediumque</span> <span class='ocrx_word' id='word_1_299' title='bbox 1107 2292 1191 2349; x_wconf 89' lang='lat' dir='ltr'>totius</span> <span class='ocrx_word' id='word_1_300' title='bbox 1241 2287 1401 2346; x_wconf 76' lang='lat' dir='ltr'>nodssimae</span> <span class='ocrx_word' id='word_1_301' title='bbox 1424 2296 1488 2346; x_wconf 88' lang='lat' dir='ltr'>sunt</span> <span class='ocrx_word' id='word_1_302' title='bbox 1510 2296 1640 2360; x_wconf 84' lang='lat' dir='ltr'>quattuor</span> <span class='ocrx_word' id='word_1_303' title='bbox 1649 2286 1699 2344; x_wconf 74' lang='lat' dir='ltr'>“a</span> <span class='ocrx_word' id='word_1_304' title='bbox 1720 2285 1992 2353; x_wconf 86' lang='lat' dir='ltr'>caliditas,humidits,</span> 
     </span>
     <span class='ocr_line' id='line_1_23' title="bbox 390 2377 1993 2455; baseline -0.004 -18"><span class='ocrx_word' id='word_1_305' title='bbox 390 2380 495 2447; x_wconf 79' lang='lat' dir='ltr'>mundi,</span> <span class='ocrx_word' id='word_1_306' title='bbox 510 2379 600 2439; x_wconf 89' lang='lat' dir='ltr'>instar</span> <span class='ocrx_word' id='word_1_307' title='bbox 614 2381 701 2438; x_wconf 90' lang='lat' dir='ltr'>centri</span> <span class='ocrx_word' id='word_1_308' title='bbox 715 2381 744 2437; x_wconf 89' lang='lat' dir='ltr'>in</span> <span class='ocrx_word' id='word_1_309' title='bbox 759 2380 863 2439; x_wconf 89' lang='lat' dir='ltr'>circulo</span> <span class='ocrx_word' id='word_1_310' title='bbox 876 2396 925 2441; x_wconf 88' lang='lat' dir='ltr'>seu</span> <span class='ocrx_word' id='word_1_311' title='bbox 939 2383 1067 2455; x_wconf 86' lang='lat' dir='ltr'>sphaera,</span> <span class='ocrx_word' id='word_1_312' title='bbox 1086 2383 1190 2441; x_wconf 88' lang='lat' dir='ltr'>aridam</span> <span class='ocrx_word' id='word_1_313' title='bbox 1241 2377 1386 2453; x_wconf 86' lang='lat' dir='ltr'>frigiditas,</span> <span class='ocrx_word' id='word_1_314' title='bbox 1402 2379 1523 2446; x_wconf 77' lang='lat' dir='ltr'>siccitas,</span> <span class='ocrx_word' id='word_1_315' title='bbox 1537 2396 1572 2438; x_wconf 85' lang='lat' dir='ltr'>es</span> <span class='ocrx_word' id='word_1_316' title='bbox 1586 2380 1688 2453; x_wconf 88' lang='lat' dir='ltr'>quibus</span> <span class='ocrx_word' id='word_1_317' title='bbox 1711 2378 1807 2438; x_wconf 89' lang='lat' dir='ltr'>omnia</span> <span class='ocrx_word' id='word_1_318' title='bbox 1824 2390 1924 2449; x_wconf 91' lang='lat' dir='ltr'>corpora</span> <span class='ocrx_word' id='word_1_319' title='bbox 1939 2382 1993 2431; x_wconf 78' lang='lat' dir='ltr'>mn</span> 
     </span>
     <span class='ocr_line' id='line_1_24' title="bbox 391 2455 1992 2548; baseline -0.002 -21"><span class='ocrx_word' id='word_1_320' title='bbox 391 2471 458 2528; x_wconf 81' lang='lat' dir='ltr'>ael·</span> <span class='ocrx_word' id='word_1_321' title='bbox 474 2481 575 2529; x_wconf 85' lang='lat' dir='ltr'>terram</span> <span class='ocrx_word' id='word_1_322' title='bbox 602 2472 694 2529; x_wconf 91' lang='lat' dir='ltr'>divina</span> <span class='ocrx_word' id='word_1_323' title='bbox 708 2473 816 2530; x_wconf 88' lang='lat' dir='ltr'>vocavit</span> <span class='ocrx_word' id='word_1_324' title='bbox 830 2474 991 2543; x_wconf 89' lang='lat' dir='ltr'>auctoritas,</span> <span class='ocrx_word' id='word_1_325' title='bbox 1003 2476 1191 2548; x_wconf 89' lang='lat' dir='ltr'>segregatione</span> <span class='ocrx_word' id='word_1_326' title='bbox 1241 2468 1320 2529; x_wconf 88' lang='lat' dir='ltr'>rialia</span> <span class='ocrx_word' id='word_1_327' title='bbox 1344 2468 1458 2543; x_wconf 84' lang='lat' dir='ltr'>adjectis</span> <span class='ocrx_word' id='word_1_328' title='bbox 1484 2468 1582 2527; x_wconf 88' lang='lat' dir='ltr'>forrnis</span> <span class='ocrx_word' id='word_1_329' title='bbox 1603 2469 1758 2541; x_wconf 87' lang='lat' dir='ltr'>componi,</span> <span class='ocrx_word' id='word_1_330' title='bbox 1782 2467 1886 2541; x_wconf 75' lang='lat' dir='ltr'>pigrior</span> <span class='ocrx_word' id='word_1_331' title='bbox 1907 2455 1992 2539; x_wconf 76' lang='lat' dir='ltr'>pehti</span> 
     </span>
     <span class='ocr_line' id='line_1_25' title="bbox 392 2555 1992 2636; baseline -0.002 -19"><span class='ocrx_word' id='word_1_332' title='bbox 392 2574 525 2633; x_wconf 88' lang='lat' dir='ltr'>aquamm</span> <span class='ocrx_word' id='word_1_333' title='bbox 543 2560 692 2635; x_wconf 65' lang='lat' dir='ltr'>egentium</span> <span class='ocrx_word' id='word_1_334' title='bbox 714 2576 745 2619; x_wconf 95' lang='lat' dir='ltr'>se</span> <span class='ocrx_word' id='word_1_335' title='bbox 766 2563 962 2636; x_wconf 74' lang='lat' dir='ltr'>specificatum,</span> <span class='ocrx_word' id='word_1_336' title='bbox 986 2565 1133 2623; x_wconf 87' lang='lat' dir='ltr'>herbarum</span> <span class='ocrx_word' id='word_1_337' title='bbox 1158 2565 1190 2623; x_wconf 93' lang='lat' dir='ltr'>li·</span> <span class='ocrx_word' id='word_1_338' title='bbox 1242 2560 1359 2619; x_wconf 79' lang='lat' dir='ltr'>neema.</span> <span class='ocrx_word' id='word_1_339' title='bbox 1374 2559 1496 2630; x_wconf 87' lang='lat' dir='ltr'>Quarum</span> <span class='ocrx_word' id='word_1_340' title='bbox 1513 2561 1623 2634; x_wconf 91' lang='lat' dir='ltr'>quidem</span> <span class='ocrx_word' id='word_1_341' title='bbox 1642 2560 1753 2619; x_wconf 75' lang='lat' dir='ltr'>actim</span> <span class='ocrx_word' id='word_1_342' title='bbox 1767 2574 1828 2617; x_wconf 89' lang='lat' dir='ltr'>esse</span> <span class='ocrx_word' id='word_1_343' title='bbox 1845 2558 1903 2616; x_wconf 88' lang='lat' dir='ltr'>duas</span> <span class='ocrx_word' id='word_1_344' title='bbox 1913 2555 1992 2626; x_wconf 73' lang='lat' dir='ltr'>pilon</span> 
     </span>
     <span class='ocr_line' id='line_1_26' title="bbox 391 2646 1991 2728; baseline -0.005 -20"><span class='ocrx_word' id='word_1_345' title='bbox 391 2666 562 2726; x_wconf 87' lang='lat' dir='ltr'>gnorumque</span> <span class='ocrx_word' id='word_1_346' title='bbox 586 2651 770 2724; x_wconf 88' lang='lat' dir='ltr'>pulcherrima</span> <span class='ocrx_word' id='word_1_347' title='bbox 792 2653 928 2713; x_wconf 86' lang='lat' dir='ltr'>varietate</span> <span class='ocrx_word' id='word_1_348' title='bbox 950 2663 1119 2728; x_wconf 86' lang='lat' dir='ltr'>coopertum,</span> <span class='ocrx_word' id='word_1_349' title='bbox 1133 2656 1191 2714; x_wconf 89' lang='lat' dir='ltr'>sive</span> <span class='ocrx_word' id='word_1_350' title='bbox 1240 2652 1288 2727; x_wconf 86' lang='lat' dir='ltr'>piri</span> <span class='ocrx_word' id='word_1_351' title='bbox 1312 2653 1421 2722; x_wconf 90' lang='lat' dir='ltr'>dicunt,</span> <span class='ocrx_word' id='word_1_352' title='bbox 1442 2652 1611 2710; x_wconf 76' lang='lat' dir='ltr'>caliditatem</span> <span class='ocrx_word' id='word_1_353' title='bbox 1633 2660 1664 2709; x_wconf 91' lang='lat' dir='ltr'>et</span> <span class='ocrx_word' id='word_1_354' title='bbox 1688 2650 1879 2723; x_wconf 66' lang='lat' dir='ltr'>frigiditatem</span> <span class='ocrx_word' id='word_1_355' title='bbox 1898 2646 1991 2719; x_wconf 73' lang='lat' dir='ltr'>passiva</span> 
     </span>
     <span class='ocr_line' id='line_1_27' title="bbox 391 2735 1992 2819; baseline -0.007 -17"><span class='ocrx_word' id='word_1_356' title='bbox 391 2746 454 2819; x_wconf 90' lang='lat' dir='ltr'>quis</span> <span class='ocrx_word' id='word_1_357' title='bbox 465 2745 626 2818; x_wconf 82' lang='lat' dir='ltr'>simpliciori</span> <span class='ocrx_word' id='word_1_358' title='bbox 641 2761 723 2804; x_wconf 90' lang='lat' dir='ltr'>sensu</span> <span class='ocrx_word' id='word_1_359' title='bbox 736 2747 870 2806; x_wconf 75' lang='lat' dir='ltr'>risibilem</span> <span class='ocrx_word' id='word_1_360' title='bbox 883 2750 954 2807; x_wconf 88' lang='lat' dir='ltr'>banc</span> <span class='ocrx_word' id='word_1_361' title='bbox 972 2749 1072 2807; x_wconf 89' lang='lat' dir='ltr'>molem</span> <span class='ocrx_word' id='word_1_362' title='bbox 1087 2750 1115 2808; x_wconf 92' lang='lat' dir='ltr'>in</span> <span class='ocrx_word' id='word_1_363' title='bbox 1130 2764 1189 2808; x_wconf 90' lang='lat' dir='ltr'>me·</span> <span class='ocrx_word' id='word_1_364' title='bbox 1241 2759 1295 2818; x_wconf 93' lang='lat' dir='ltr'>que</span> <span class='ocrx_word' id='word_1_365' title='bbox 1308 2746 1329 2780; x_wconf 75' lang='lat'>¹¹</span> <span class='ocrx_word' id='word_1_366' title='bbox 1344 2745 1423 2813; x_wconf 85' lang='lat' dir='ltr'>duas,</span> <span class='ocrx_word' id='word_1_367' title='bbox 1439 2745 1629 2803; x_wconf 82' lang='lat' dir='ltr'>humiditatem</span> <span class='ocrx_word' id='word_1_368' title='bbox 1643 2753 1675 2802; x_wconf 91' lang='lat' dir='ltr'>et</span> <span class='ocrx_word' id='word_1_369' title='bbox 1689 2743 1857 2800; x_wconf 80' lang='lat' dir='ltr'>ariditatem.</span> <span class='ocrx_word' id='word_1_370' title='bbox 1875 2738 1929 2795; x_wconf 84' lang='lat' dir='ltr'>nun</span> <span class='ocrx_word' id='word_1_371' title='bbox 1944 2735 1992 2792; x_wconf 85' lang='lat' dir='ltr'>ein</span> 
     </span>
     <span class='ocr_line' id='line_1_28' title="bbox 390 2823 1989 2911; baseline -0.008 -15"><span class='ocrx_word' id='word_1_372' title='bbox 390 2837 437 2896; x_wconf 88' lang='lat' dir='ltr'>dio</span> <span class='ocrx_word' id='word_1_373' title='bbox 458 2836 551 2895; x_wconf 91' lang='lat' dir='ltr'>mnndi</span> <span class='ocrx_word' id='word_1_374' title='bbox 574 2838 702 2911; x_wconf 83' lang='lat' dir='ltr'>positam,</span> <span class='ocrx_word' id='word_1_375' title='bbox 726 2841 822 2899; x_wconf 90' lang='lat' dir='ltr'>oceani</span> <span class='ocrx_word' id='word_1_376' title='bbox 845 2842 931 2901; x_wconf 92' lang='lat' dir='ltr'>limbo</span> <span class='ocrx_word' id='word_1_377' title='bbox 952 2842 1188 2911; x_wconf 85' lang='lat' dir='ltr'>circumcinctam,</span> <span class='ocrx_word' id='word_1_378' title='bbox 1241 2836 1366 2896; x_wconf 87' lang='lat' dir='ltr'>caliditas</span> <span class='ocrx_word' id='word_1_379' title='bbox 1380 2837 1546 2905; x_wconf 87' lang='lat' dir='ltr'>humiditati,</span> <span class='ocrx_word' id='word_1_380' title='bbox 1568 2846 1596 2895; x_wconf 94' lang='lat' dir='ltr'>et</span> <span class='ocrx_word' id='word_1_381' title='bbox 1619 2835 1760 2909; x_wconf 90' lang='lat' dir='ltr'>frigiditas</span> <span class='ocrx_word' id='word_1_382' title='bbox 1782 2831 1896 2892; x_wconf 81' lang='lat' dir='ltr'>ariditmi</span> <span class='ocrx_word' id='word_1_383' title='bbox 1910 2823 1989 2886; x_wconf 85' lang='lat' dir='ltr'>murrii</span> 
     </span>
     <span class='ocr_line' id='line_1_29' title="bbox 390 2923 1989 3007; baseline 0.006 -21"><span class='ocrx_word' id='word_1_384' title='bbox 390 2938 482 2987; x_wconf 90' lang='lat' dir='ltr'>terrae</span> <span class='ocrx_word' id='word_1_385' title='bbox 498 2944 686 3004; x_wconf 88' lang='lat' dir='ltr'>aquarumque</span> <span class='ocrx_word' id='word_1_386' title='bbox 706 2931 846 2991; x_wconf 75' lang='lat' dir='ltr'>vocabulis</span> <span class='ocrx_word' id='word_1_387' title='bbox 866 2933 1057 3007; x_wconf 85' lang='lat' dir='ltr'>significatam,</span> <span class='ocrx_word' id='word_1_388' title='bbox 1071 2934 1130 2992; x_wconf 88' lang='lat' dir='ltr'>slve</span> <span class='ocrx_word' id='word_1_389' title='bbox 1150 2933 1191 2991; x_wconf 91' lang='lat' dir='ltr'>al·</span> <span class='ocrx_word' id='word_1_390' title='bbox 1240 2926 1362 3001; x_wconf 89' lang='lat' dir='ltr'>quodam</span> <span class='ocrx_word' id='word_1_391' title='bbox 1376 2927 1449 2985; x_wconf 68' lang='lat'>0⁰5⁸⁰</span> <span class='ocrx_word' id='word_1_392' title='bbox 1466 2927 1626 2995; x_wconf 57' lang='lat' dir='ltr'>mimihilt»</span> <span class='ocrx_word' id='word_1_393' title='bbox 1646 2927 1754 2994; x_wconf 59' lang='lat' dir='ltr'>willifs</span> <span class='ocrx_word' id='word_1_394' title='bbox 1778 2939 1847 2997; x_wconf 62' lang='grc' dir='ltr'>’1113ο</span> <span class='ocrx_word' id='word_1_395' title='bbox 1866 2924 1890 2978; x_wconf 68' lang='grc' dir='ltr'>ῑί</span> <span class='ocrx_word' id='word_1_396' title='bbox 1907 2923 1989 2977; x_wconf 66' lang='grc' dir='ltr'>ῑίΜ</span> 
     </span>
     <span class='ocr_line' id='line_1_30' title="bbox 389 3006 2031 3101; baseline 0.001 -22"><span class='ocrx_word' id='word_1_397' title='bbox 389 3021 454 3082; x_wconf 91' lang='lat' dir='ltr'>tiori</span> <span class='ocrx_word' id='word_1_398' title='bbox 469 3021 607 3082; x_wconf 90' lang='lat' dir='ltr'>intellectu</span> <span class='ocrx_word' id='word_1_399' title='bbox 636 3026 805 3084; x_wconf 88' lang='lat' dir='ltr'>substantiae</span> <span class='ocrx_word' id='word_1_400' title='bbox 824 3027 860 3084; x_wconf 91' lang='lat' dir='ltr'>ab</span> <span class='ocrx_word' id='word_1_401' title='bbox 881 3029 1067 3087; x_wconf 84' lang='lat' dir='ltr'>accidentibus</span> <span class='ocrx_word' id='word_1_402' title='bbox 1092 3028 1191 3101; x_wconf 73' lang='lat' dir='ltr'>dilvrdi·</span> <span class='ocrx_word' id='word_1_403' title='bbox 1241 3021 1311 3079; x_wconf 74' lang='lat' dir='ltr'>meri</span> <span class='ocrx_word' id='word_1_404' title='bbox 1334 3029 1504 3087; x_wconf 90' lang='lat' dir='ltr'>nascuntur,</span> <span class='ocrx_word' id='word_1_405' title='bbox 1528 3021 1750 3092; x_wconf 62' lang='lat' dir='ltr'>immilfflfm</span> <span class='ocrx_word' id='word_1_406' title='bbox 1780 3017 1910 3090; x_wconf 63' lang='lat' dir='ltr'>militib</span> <span class='ocrx_word' id='word_1_407' title='bbox 1937 3006 1989 3079; x_wconf 71' lang='lat' dir='ltr'>ilii</span> <span class='ocrx_word' id='word_1_408' title='bbox 2030 3042 2031 3045; x_wconf 42' lang='lat'>¹</span> 
     </span>
     <span class='ocr_line' id='line_1_31' title="bbox 386 3094 2004 3211; baseline 0.003 -40"><span class='ocrx_word' id='word_1_409' title='bbox 386 3094 527 3173; x_wconf 76' lang='lat' dir='ltr'>cntionem</span> <span class='ocrx_word' id='word_1_410' title='bbox 541 3115 720 3187; x_wconf 65' lang='lat' dir='ltr'>intellexerim</span> <span class='ocrx_word' id='word_1_411' title='bbox 750 3117 898 3177; x_wconf 86' lang='lat' dir='ltr'>herbarum</span> <span class='ocrx_word' id='word_1_412' title='bbox 914 3136 979 3180; x_wconf 89' lang='lat' dir='ltr'>vero</span> <span class='ocrx_word' id='word_1_413' title='bbox 1001 3130 1030 3179; x_wconf 90' lang='lat' dir='ltr'>et</span> <span class='ocrx_word' id='word_1_414' title='bbox 1053 3098 1203 3194; x_wconf 84' lang='lat' dir='ltr'>tignorum&#39;</span> <span class='ocrx_word' id='word_1_415' title='bbox 1240 3112 1324 3169; x_wconf 87' lang='lat' dir='ltr'>etiam</span> <span class='ocrx_word' id='word_1_416' title='bbox 1338 3112 1422 3170; x_wconf 68' lang='lat' dir='ltr'>P0el²</span> <span class='ocrx_word' id='word_1_417' title='bbox 1436 3109 1615 3184; x_wconf 84' lang='lat' dir='ltr'>intelligebat,</span> <span class='ocrx_word' id='word_1_418' title='bbox 1630 3108 1749 3168; x_wconf 64' lang='lat' dir='ltr'>difecit</span> <span class='ocrx_word' id='word_1_419' title='bbox 2000 3144 2004 3211; x_wconf 60' lang='lat' dir='ltr'>q</span> 
     </span>
     <span class='ocr_line' id='line_1_32' title="bbox 389 3181 2031 3297; baseline 0.006 -33"><span class='ocrx_word' id='word_1_420' title='bbox 389 3205 642 3276; x_wconf 84' lang='lat' dir='ltr'>nominationibus,</span> <span class='ocrx_word' id='word_1_421' title='bbox 672 3208 729 3266; x_wconf 84' lang='lat' dir='ltr'>sine</span> <span class='ocrx_word' id='word_1_422' title='bbox 752 3210 822 3267; x_wconf 90' lang='lat' dir='ltr'>haec</span> <span class='ocrx_word' id='word_1_423' title='bbox 843 3220 1003 3271; x_wconf 90' lang='lat' dir='ltr'>ornamenta</span> <span class='ocrx_word' id='word_1_424' title='bbox 1026 3212 1164 3269; x_wconf 73' lang='lat' dir='ltr'>sendbllin</span> <span class='ocrx_word' id='word_1_425' title='bbox 1178 3181 1225 3281; x_wconf 69' lang='lat' dir='ltr'>,G</span> <span class='ocrx_word' id='word_1_426' title='bbox 1301 3224 1445 3297; x_wconf 69' lang='lat' dir='ltr'>&#39;rumpatur</span> <span class='ocrx_word' id='word_1_427' title='bbox 1455 3223 1737 3288; x_wconf 84' lang='lat' dir='ltr'>omnipntsuaferuodis</span> <span class='ocrx_word' id='word_1_428' title='bbox 1748 3219 1937 3275; x_wconf 81' lang='lat' dir='ltr'>imbrihuaaetber</span> <span class='ocrx_word' id='word_1_429' title='bbox 2000 3218 2003 3241; x_wconf 83' lang='lat'><em>¹</em></span> <span class='ocrx_word' id='word_1_430' title='bbox 2030 3186 2031 3245; x_wconf 52' lang='lat' dir='ltr'>i</span> 
     </span>
     <span class='ocr_line' id='line_1_33' title="bbox 388 3284 1839 3377; baseline 0.006 -25"><span class='ocrx_word' id='word_1_431' title='bbox 388 3294 490 3368; x_wconf 82' lang='lat' dir='ltr'>qulbus</span> <span class='ocrx_word' id='word_1_432' title='bbox 500 3295 613 3353; x_wconf 87' lang='lat' dir='ltr'>aestivis</span> <span class='ocrx_word' id='word_1_433' title='bbox 630 3298 799 3371; x_wconf 86' lang='lat' dir='ltr'>temporibus</span> <span class='ocrx_word' id='word_1_434' title='bbox 819 3307 927 3359; x_wconf 83' lang='lat' dir='ltr'>terrem</span> <span class='ocrx_word' id='word_1_435' title='bbox 943 3302 1060 3361; x_wconf 89' lang='lat' dir='ltr'>vestitur</span> <span class='ocrx_word' id='word_1_436' title='bbox 1073 3303 1189 3377; x_wconf 91' lang='lat' dir='ltr'>superli-</span> <span class='ocrx_word' id='word_1_437' title='bbox 1300 3285 1416 3353; x_wconf 53' lang='lat' dir='ltr'>sinim·</span> <span class='ocrx_word' id='word_1_438' title='bbox 1426 3299 1452 3340; x_wconf 72' lang='lat'>¹³</span> <span class='ocrx_word' id='word_1_439' title='bbox 1462 3287 1583 3353; x_wconf 56' lang='lat' dir='ltr'>imm</span> <span class='ocrx_word' id='word_1_440' title='bbox 1594 3284 1662 3341; x_wconf 59' lang='grc' dir='ltr'>Μ’</span> <span class='ocrx_word' id='word_1_441' title='bbox 1672 3284 1839 3340; x_wconf 54' lang='grc' dir='ltr'>ΜΜΨ·</span> 
     </span>
    </p>

    <p class='ocr_par' dir='ltr' id='par_1_3' title="bbox 381 3385 1989 5213">
     <span class='ocr_line' id='line_1_34' title="bbox 388 3385 1989 3466; baseline 0.003 -19"><span class='ocrx_word' id='word_1_442' title='bbox 388 3388 501 3457; x_wconf 86' lang='lat' dir='ltr'>eles,vi</span> <span class='ocrx_word' id='word_1_443' title='bbox 518 3389 654 3446; x_wconf 88' lang='lat' dir='ltr'>seminum</span> <span class='ocrx_word' id='word_1_444' title='bbox 668 3394 849 3463; x_wconf 81' lang='lat' dir='ltr'>erumpentia,</span> <span class='ocrx_word' id='word_1_445' title='bbox 866 3395 954 3452; x_wconf 91' lang='lat' dir='ltr'>telluri</span> <span class='ocrx_word' id='word_1_446' title='bbox 972 3397 1105 3455; x_wconf 86' lang='lat' dir='ltr'>radicitus</span> <span class='ocrx_word' id='word_1_447' title='bbox 1122 3396 1187 3466; x_wconf 86' lang='lat' dir='ltr'>dra,</span> <span class='ocrx_word' id='word_1_448' title='bbox 1275 3391 1383 3449; x_wconf 84' lang='lat' dir='ltr'>Patrem</span> <span class='ocrx_word' id='word_1_449' title='bbox 1406 3389 1541 3464; x_wconf 84' lang='lat' dir='ltr'>siquidem</span> <span class='ocrx_word' id='word_1_450' title='bbox 1566 3391 1675 3464; x_wconf 90' lang='lat' dir='ltr'>igneam</span> <span class='ocrx_word' id='word_1_451' title='bbox 1693 3390 1869 3463; x_wconf 77' lang='lat' dir='ltr'>qualitatem.</span> <span class='ocrx_word' id='word_1_452' title='bbox 1889 3396 1945 3453; x_wconf 71' lang='lat' dir='ltr'>llil</span> <span class='ocrx_word' id='word_1_453' title='bbox 1962 3385 1989 3434; x_wconf 54' lang='grc' dir='ltr'><strong>Ν</strong></span> 
     </span>
     <span class='ocr_line' id='line_1_35' title="bbox 391 3480 1988 3560; baseline 0.001 -19"><span class='ocrx_word' id='word_1_454' title='bbox 391 3482 508 3542; x_wconf 86' lang='lat' dir='ltr'>humore</span> <span class='ocrx_word' id='word_1_455' title='bbox 531 3484 635 3541; x_wconf 92' lang='lat' dir='ltr'>nutrita</span> <span class='ocrx_word' id='word_1_456' title='bbox 659 3492 687 3542; x_wconf 89' lang='lat' dir='ltr'>ct</span> <span class='ocrx_word' id='word_1_457' title='bbox 709 3484 889 3557; x_wconf 86' lang='lat' dir='ltr'>corpulentia,</span> <span class='ocrx_word' id='word_1_458' title='bbox 912 3487 970 3545; x_wconf 89' lang='lat' dir='ltr'>sire</span> <span class='ocrx_word' id='word_1_459' title='bbox 1005 3488 1189 3560; x_wconf 71' lang='lat' dir='ltr'>intelligibiles</span> <span class='ocrx_word' id='word_1_460' title='bbox 1239 3484 1382 3550; x_wconf 86' lang='lat' dir='ltr'>caliditas,</span> <span class='ocrx_word' id='word_1_461' title='bbox 1402 3483 1532 3544; x_wconf 85' lang='lat' dir='ltr'>fecundos</span> <span class='ocrx_word' id='word_1_462' title='bbox 1552 3499 1619 3542; x_wconf 87' lang='lat' dir='ltr'>vero</span> <span class='ocrx_word' id='word_1_463' title='bbox 1640 3483 1748 3543; x_wconf 88' lang='lat' dir='ltr'>lmhres</span> <span class='ocrx_word' id='word_1_464' title='bbox 1773 3480 1925 3554; x_wconf 83' lang='lat' dir='ltr'>aquancan.</span> <span class='ocrx_word' id='word_1_465' title='bbox 1942 3484 1988 3543; x_wconf 67' lang='lat' dir='ltr'>llii</span> 
     </span>
     <span class='ocr_line' id='line_1_36' title="bbox 391 3559 1986 3650; baseline -0.001 -18"><span class='ocrx_word' id='word_1_466' title='bbox 391 3574 518 3647; x_wconf 85' lang='lat' dir='ltr'>species,</span> <span class='ocrx_word' id='word_1_467' title='bbox 547 3588 581 3631; x_wconf 84' lang='lat' dir='ltr'>es</span> <span class='ocrx_word' id='word_1_468' title='bbox 606 3575 710 3634; x_wconf 91' lang='lat' dir='ltr'>intimis</span> <span class='ocrx_word' id='word_1_469' title='bbox 743 3577 996 3650; x_wconf 83' lang='lat' dir='ltr'>naturalibusque⁸</span> <span class='ocrx_word' id='word_1_470' title='bbox 1019 3580 1189 3639; x_wconf 87' lang='lat' dir='ltr'>substantiae</span> <span class='ocrx_word' id='word_1_471' title='bbox 1239 3582 1283 3631; x_wconf 90' lang='lat' dir='ltr'>est</span> <span class='ocrx_word' id='word_1_472' title='bbox 1304 3572 1458 3646; x_wconf 72' lang='lat' dir='ltr'>frigiditas,</span> <span class='ocrx_word' id='word_1_473' title='bbox 1482 3573 1642 3646; x_wconf 89' lang='lat' dir='ltr'>appellavit;</span> <span class='ocrx_word' id='word_1_474' title='bbox 1668 3571 1873 3647; x_wconf 73' lang='lat' dir='ltr'>confugientem</span> <span class='ocrx_word' id='word_1_475' title='bbox 1892 3559 1986 3638; x_wconf 63' lang='lat' dir='ltr'>patus</span> 
     </span>
     <span class='ocr_line' id='line_1_37' title="bbox 391 3652 1987 3745; baseline -0.009 -21"><span class='ocrx_word' id='word_1_476' title='bbox 391 3665 499 3724; x_wconf 89' lang='lat' dir='ltr'>sinibus</span> <span class='ocrx_word' id='word_1_477' title='bbox 523 3666 713 3738; x_wconf 85' lang='lat' dir='ltr'>pmcedentes,</span> <span class='ocrx_word' id='word_1_478' title='bbox 732 3666 820 3725; x_wconf 88' lang='lat' dir='ltr'>instar</span> <span class='ocrx_word' id='word_1_479' title='bbox 838 3668 983 3728; x_wconf 87' lang='lat' dir='ltr'>herbarum</span> <span class='ocrx_word' id='word_1_480' title='bbox 999 3669 1189 3745; x_wconf 90' lang='lat' dir='ltr'>lignorumque</span> <span class='ocrx_word' id='word_1_481' title='bbox 1239 3663 1408 3724; x_wconf 86' lang='lat' dir='ltr'>fertilitatem</span> <span class='ocrx_word' id='word_1_482' title='bbox 1424 3665 1604 3734; x_wconf 86' lang='lat' dir='ltr'>humiditatis,</span> <span class='ocrx_word' id='word_1_483' title='bbox 1616 3678 1690 3736; x_wconf 92' lang='lat' dir='ltr'>quae</span> <span class='ocrx_word' id='word_1_484' title='bbox 1704 3672 1748 3722; x_wconf 88' lang='lat' dir='ltr'>est</span> <span class='ocrx_word' id='word_1_485' title='bbox 1762 3660 1869 3736; x_wconf 85' lang='lat' dir='ltr'>qualitas</span> <span class='ocrx_word' id='word_1_486' title='bbox 1882 3652 1987 3721; x_wconf 71' lang='lat' dir='ltr'>sensnm</span> 
     </span>
     <span class='ocr_line' id='line_1_38' title="bbox 381 3748 1986 3835; baseline -0.001 -20"><span class='ocrx_word' id='word_1_487' title='bbox 381 3754 426 3815; x_wconf 55' lang='lat' dir='ltr'>⁴de</span> <span class='ocrx_word' id='word_1_488' title='bbox 447 3765 521 3813; x_wconf 89' lang='lat' dir='ltr'>terra</span> <span class='ocrx_word' id='word_1_489' title='bbox 542 3760 714 3816; x_wconf 87' lang='lat' dir='ltr'>nascentium</span> <span class='ocrx_word' id='word_1_490' title='bbox 736 3761 906 3832; x_wconf 88' lang='lat' dir='ltr'>praeceperit</span> <span class='ocrx_word' id='word_1_491' title='bbox 926 3760 955 3829; x_wconf 65' lang='grc' dir='ltr'>δ;</span> <span class='ocrx_word' id='word_1_492' title='bbox 976 3761 1058 3819; x_wconf 91' lang='lat' dir='ltr'>aliter</span> <span class='ocrx_word' id='word_1_493' title='bbox 1071 3777 1190 3835; x_wconf 90' lang='lat' dir='ltr'>namquo</span> <span class='ocrx_word' id='word_1_494' title='bbox 1239 3756 1511 3830; x_wconf 87' lang='lat' dir='ltr'>pria,etariditatia,</span> <span class='ocrx_word' id='word_1_495' title='bbox 1531 3765 1662 3830; x_wconf 89' lang='lat' dir='ltr'>quaeest</span> <span class='ocrx_word' id='word_1_496' title='bbox 1684 3767 1777 3817; x_wconf 90' lang='lat' dir='ltr'>terrae</span> <span class='ocrx_word' id='word_1_497' title='bbox 1798 3748 1986 3826; x_wconf 64' lang='lat' dir='ltr'>qualitativrl&#39;f</span> 
     </span>
     <span class='ocr_line' id='line_1_39' title="bbox 388 3824 1986 3929; baseline -0.012 -21"><span class='ocrx_word' id='word_1_498' title='bbox 388 3847 420 3908; x_wconf 89' lang='lat' dir='ltr'>ln</span> <span class='ocrx_word' id='word_1_499' title='bbox 434 3851 509 3908; x_wconf 91' lang='lat' dir='ltr'>omni</span> <span class='ocrx_word' id='word_1_500' title='bbox 524 3851 647 3909; x_wconf 91' lang='lat' dir='ltr'>sensibili</span> <span class='ocrx_word' id='word_1_501' title='bbox 661 3867 777 3925; x_wconf 89' lang='lat' dir='ltr'>corpore</span> <span class='ocrx_word' id='word_1_502' title='bbox 787 3853 948 3924; x_wconf 86' lang='lat' dir='ltr'>quantitatis</span> <span class='ocrx_word' id='word_1_503' title='bbox 962 3854 1080 3922; x_wconf 91' lang='lat' dir='ltr'>molem,</span> <span class='ocrx_word' id='word_1_504' title='bbox 1101 3854 1189 3929; x_wconf 91' lang='lat' dir='ltr'>quaii-</span> <span class='ocrx_word' id='word_1_505' title='bbox 1238 3849 1354 3922; x_wconf 81' lang='lat' dir='ltr'>prietes,</span> <span class='ocrx_word' id='word_1_506' title='bbox 1368 3848 1502 3916; x_wconf 80' lang='lat' dir='ltr'>vomndo,</span> <span class='ocrx_word' id='word_1_507' title='bbox 1516 3847 1597 3905; x_wconf 90' lang='lat' dir='ltr'>unius</span> <span class='ocrx_word' id='word_1_508' title='bbox 1609 3847 1696 3906; x_wconf 89' lang='lat' dir='ltr'>veluti</span> <span class='ocrx_word' id='word_1_509' title='bbox 1711 3846 1804 3905; x_wconf 80' lang='lat' dir='ltr'>uxoris</span> <span class='ocrx_word' id='word_1_510' title='bbox 1817 3824 1986 3900; x_wconf 67' lang='lat' dir='ltr'>nominatione*</span> 
     </span>
     <span class='ocr_line' id='line_1_40' title="bbox 388 3926 1986 4018; baseline -0.013 -17"><span class='ocrx_word' id='word_1_511' title='bbox 388 3944 492 4001; x_wconf 86' lang='lat' dir='ltr'>tatibus</span> <span class='ocrx_word' id='word_1_512' title='bbox 505 3944 562 4003; x_wconf 93' lang='lat' dir='ltr'>suis</span> <span class='ocrx_word' id='word_1_513' title='bbox 575 3944 743 4017; x_wconf 76' lang='lat' dir='ltr'>subjectam,</span> <span class='ocrx_word' id='word_1_514' title='bbox 759 3945 898 4018; x_wconf 88' lang='lat' dir='ltr'>corporeis</span> <span class='ocrx_word' id='word_1_515' title='bbox 915 3945 1042 4003; x_wconf 85' lang='lat' dir='ltr'>sensibus</span> <span class='ocrx_word' id='word_1_516' title='bbox 1063 3945 1188 4004; x_wconf 88' lang='lat' dir='ltr'>conside-</span> <span class='ocrx_word' id='word_1_517' title='bbox 1239 3949 1341 3998; x_wconf 90' lang='lat' dir='ltr'>terram</span> <span class='ocrx_word' id='word_1_518' title='bbox 1360 3954 1422 3996; x_wconf 92' lang='lat' dir='ltr'>cum</span> <span class='ocrx_word' id='word_1_519' title='bbox 1445 3939 1497 3996; x_wconf 88' lang='lat' dir='ltr'>sibi</span> <span class='ocrx_word' id='word_1_520' title='bbox 1520 3938 1682 4011; x_wconf 81' lang='lat' dir='ltr'>proximiori</span> <span class='ocrx_word' id='word_1_521' title='bbox 1706 3946 1736 3998; x_wconf 92' lang='lat' dir='ltr'>et</span> <span class='ocrx_word' id='word_1_522' title='bbox 1755 3926 1927 4008; x_wconf 90' lang='lat' dir='ltr'>corpulentiori</span> <span class='ocrx_word' id='word_1_523' title='bbox 1943 3930 1986 3976; x_wconf 81' lang='lat' dir='ltr'>tttt</span> 
     </span>
     <span class='ocr_line' id='line_1_41' title="bbox 389 4021 1984 4119; baseline 0.003 -25"><span class='ocrx_word' id='word_1_524' title='bbox 389 4050 501 4107; x_wconf 87' lang='lat' dir='ltr'>ramus,</span> <span class='ocrx_word' id='word_1_525' title='bbox 522 4038 602 4095; x_wconf 90' lang='lat' dir='ltr'>aliter</span> <span class='ocrx_word' id='word_1_526' title='bbox 625 4037 789 4096; x_wconf 82' lang='lat' dir='ltr'>invisibilem</span> <span class='ocrx_word' id='word_1_527' title='bbox 812 4040 1005 4108; x_wconf 89' lang='lat' dir='ltr'>substantiam,</span> <span class='ocrx_word' id='word_1_528' title='bbox 1027 4040 1188 4113; x_wconf 84' lang='lat' dir='ltr'>speciesque</span> <span class='ocrx_word' id='word_1_529' title='bbox 1238 4032 1412 4107; x_wconf 88' lang='lat' dir='ltr'>significavit.</span> <span class='ocrx_word' id='word_1_530' title='bbox 1432 4032 1502 4091; x_wconf 87' lang='lat' dir='ltr'>llice</span> <span class='ocrx_word' id='word_1_531' title='bbox 1520 4031 1667 4106; x_wconf 82' lang='lat' dir='ltr'>colligitur,</span> <span class='ocrx_word' id='word_1_532' title='bbox 1682 4041 1715 4091; x_wconf 93' lang='lat' dir='ltr'>ut</span> <span class='ocrx_word' id='word_1_533' title='bbox 1737 4031 1805 4088; x_wconf 74' lang='lat' dir='ltr'>little</span> <span class='ocrx_word' id='word_1_534' title='bbox 1821 4021 1939 4119; x_wconf 54' lang='lat' dir='ltr'>ilium?</span> <span class='ocrx_word' id='word_1_535' title='bbox 1953 4024 1984 4067; x_wconf 51' lang='grc' dir='ltr'>’θ’</span> 
     </span>
     <span class='ocr_line' id='line_1_42' title="bbox 388 4105 1984 4206; baseline 0.003 -19"><span class='ocrx_word' id='word_1_536' title='bbox 388 4130 516 4203; x_wconf 89' lang='lat' dir='ltr'>pmprlas</span> <span class='ocrx_word' id='word_1_537' title='bbox 532 4130 561 4186; x_wconf 91' lang='lat' dir='ltr'>in</span> <span class='ocrx_word' id='word_1_538' title='bbox 587 4129 648 4201; x_wconf 88' lang='lat' dir='ltr'>ipsa</span> <span class='ocrx_word' id='word_1_539' title='bbox 664 4130 846 4189; x_wconf 85' lang='lat' dir='ltr'>subsistentes</span> <span class='ocrx_word' id='word_1_540' title='bbox 861 4131 962 4188; x_wconf 85' lang='lat' dir='ltr'>mentis</span> <span class='ocrx_word' id='word_1_541' title='bbox 980 4129 1040 4187; x_wconf 89' lang='lat' dir='ltr'>acie</span> <span class='ocrx_word' id='word_1_542' title='bbox 1060 4131 1188 4204; x_wconf 90' lang='lat' dir='ltr'>intelligi·</span> <span class='ocrx_word' id='word_1_543' title='bbox 1240 4124 1311 4182; x_wconf 80' lang='lat' dir='ltr'>tinae</span> <span class='ocrx_word' id='word_1_544' title='bbox 1334 4123 1387 4181; x_wconf 77' lang='lat' dir='ltr'>tibi</span> <span class='ocrx_word' id='word_1_545' title='bbox 1410 4123 1529 4181; x_wconf 71' lang='lat' dir='ltr'>inlicem</span> <span class='ocrx_word' id='word_1_546' title='bbox 1553 4122 1720 4191; x_wconf 60' lang='lat' dir='ltr'>collimitia</span> <span class='ocrx_word' id='word_1_547' title='bbox 1737 4117 1890 4179; x_wconf 56' lang='lat' dir='ltr'>illidium</span> <span class='ocrx_word' id='word_1_548' title='bbox 1908 4105 1984 4206; x_wconf 51' lang='grc' dir='ltr'><em>Ψ</em></span> 
     </span>
     <span class='ocr_line' id='line_1_43' title="bbox 389 4201 1981 4294; baseline -0.003 -15"><span class='ocrx_word' id='word_1_549' title='bbox 389 4237 462 4290; x_wconf 89' lang='lat' dir='ltr'>mus,</span> <span class='ocrx_word' id='word_1_550' title='bbox 487 4219 637 4280; x_wconf 87' lang='lat' dir='ltr'>secundum</span> <span class='ocrx_word' id='word_1_551' title='bbox 659 4236 727 4292; x_wconf 89' lang='lat' dir='ltr'>quas</span> <span class='ocrx_word' id='word_1_552' title='bbox 748 4236 839 4279; x_wconf 90' lang='lat' dir='ltr'>rernm</span> <span class='ocrx_word' id='word_1_553' title='bbox 862 4222 984 4281; x_wconf 89' lang='lat' dir='ltr'>omnium</span> <span class='ocrx_word' id='word_1_554' title='bbox 998 4222 1146 4281; x_wconf 79' lang='lat' dir='ltr'>visibilium</span> <span class='ocrx_word' id='word_1_555' title='bbox 1159 4232 1187 4280; x_wconf 89' lang='lat' dir='ltr'>et</span> <span class='ocrx_word' id='word_1_556' title='bbox 1237 4213 1413 4287; x_wconf 82' lang='lat' dir='ltr'>frigiditatem</span> <span class='ocrx_word' id='word_1_557' title='bbox 1425 4213 1589 4282; x_wconf 56' lang='lat' dir='ltr'>”filethus</span> <span class='ocrx_word' id='word_1_558' title='bbox 1610 4214 1730 4287; x_wconf 73' lang='lat' dir='ltr'>fellitis</span> <span class='ocrx_word' id='word_1_559' title='bbox 1753 4211 1856 4270; x_wconf 54' lang='lat' dir='ltr'>sibim&amp;</span> <span class='ocrx_word' id='word_1_560' title='bbox 1875 4201 1981 4294; x_wconf 45' lang='grc' dir='ltr'>ΜΨ</span> 
     </span>
     <span class='ocr_line' id='line_1_44' title="bbox 389 4293 1981 4386; baseline 0.003 -17"><span class='ocrx_word' id='word_1_561' title='bbox 389 4311 567 4369; x_wconf 82' lang='lat' dir='ltr'>invisibilium</span> <span class='ocrx_word' id='word_1_562' title='bbox 590 4313 772 4371; x_wconf 86' lang='lat' dir='ltr'>numerositas</span> <span class='ocrx_word' id='word_1_563' title='bbox 795 4312 1001 4386; x_wconf 81' lang='lat' dir='ltr'>multiplicatur,</span> <span class='ocrx_word' id='word_1_564' title='bbox 1024 4314 1186 4373; x_wconf 87' lang='lat' dir='ltr'>universati·</span> <span class='ocrx_word' id='word_1_565' title='bbox 1237 4308 1391 4366; x_wconf 65' lang='lat' dir='ltr'>humillimi</span> <span class='ocrx_word' id='word_1_566' title='bbox 1404 4306 1570 4365; x_wconf 69' lang='lat' dir='ltr'>lidtlloelil</span> <span class='ocrx_word' id='word_1_567' title='bbox 1591 4306 1715 4364; x_wconf 57' lang='lat' dir='ltr'>&amp;filiiflii</span> <span class='ocrx_word' id='word_1_568' title='bbox 1736 4301 1878 4375; x_wconf 61' lang='lat' dir='ltr'>willh‘i‘r</span> <span class='ocrx_word' id='word_1_569' title='bbox 1894 4293 1981 4347; x_wconf 51' lang='grc' dir='ltr'>Μ’</span> 
     </span>
     <span class='ocr_line' id='line_1_45' title="bbox 388 4386 1981 4477; baseline -0.01 -19"><span class='ocrx_word' id='word_1_570' title='bbox 388 4402 454 4459; x_wconf 76' lang='lat' dir='ltr'>tas·</span> <span class='ocrx_word' id='word_1_571' title='bbox 467 4403 620 4476; x_wconf 86' lang='lat' dir='ltr'>colligitur,</span> <span class='ocrx_word' id='word_1_572' title='bbox 644 4404 797 4477; x_wconf 89' lang='lat' dir='ltr'>proprietas</span> <span class='ocrx_word' id='word_1_573' title='bbox 815 4405 989 4462; x_wconf 90' lang='lat' dir='ltr'>custoditur:</span> <span class='ocrx_word' id='word_1_574' title='bbox 1016 4406 1052 4463; x_wconf 89' lang='lat' dir='ltr'>ad</span> <span class='ocrx_word' id='word_1_575' title='bbox 1072 4407 1186 4464; x_wconf 87' lang='lat' dir='ltr'>aliorum</span> <span class='ocrx_word' id='word_1_576' title='bbox 1237 4417 1301 4460; x_wconf 87' lang='lat' dir='ltr'>nem</span> <span class='ocrx_word' id='word_1_577' title='bbox 1323 4400 1490 4458; x_wconf 70' lang='lat' dir='ltr'>omnibusne</span> <span class='ocrx_word' id='word_1_578' title='bbox 1507 4407 1581 4458; x_wconf 84' lang='lat' dir='ltr'>terra</span> <span class='ocrx_word' id='word_1_579' title='bbox 1593 4408 1621 4458; x_wconf 93' lang='lat' dir='ltr'>et</span> <span class='ocrx_word' id='word_1_580' title='bbox 1633 4400 1662 4457; x_wconf 96' lang='lat' dir='ltr'>in</span> <span class='ocrx_word' id='word_1_581' title='bbox 1675 4399 1755 4472; x_wconf 90' lang='lat' dir='ltr'>aquis</span> <span class='ocrx_word' id='word_1_582' title='bbox 1767 4386 1981 4474; x_wconf 61' lang='lat' dir='ltr'>nascentibntilllf</span> 
     </span>
     <span class='ocr_line' id='line_1_46' title="bbox 388 4474 1981 4569; baseline -0.007 -17"><span class='ocrx_word' id='word_1_583' title='bbox 388 4493 505 4552; x_wconf 88' lang='lat' dir='ltr'>duorum</span> <span class='ocrx_word' id='word_1_584' title='bbox 518 4494 698 4551; x_wconf 72' lang='lat' dir='ltr'>unanimorum</span> <span class='ocrx_word' id='word_1_585' title='bbox 712 4496 805 4553; x_wconf 90' lang='lat' dir='ltr'>mundi</span> <span class='ocrx_word' id='word_1_586' title='bbox 818 4510 963 4568; x_wconf 88' lang='lat' dir='ltr'>corporum</span> <span class='ocrx_word' id='word_1_587' title='bbox 977 4495 1110 4554; x_wconf 88' lang='lat' dir='ltr'>theoriam</span> <span class='ocrx_word' id='word_1_588' title='bbox 1123 4512 1186 4569; x_wconf 92' lang='lat' dir='ltr'>pro-</span> <span class='ocrx_word' id='word_1_589' title='bbox 1237 4494 1321 4552; x_wconf 85' lang='lat' dir='ltr'>beant</span> <span class='ocrx_word' id='word_1_590' title='bbox 1341 4491 1525 4565; x_wconf 88' lang='lat' dir='ltr'>generationis</span> <span class='ocrx_word' id='word_1_591' title='bbox 1544 4499 1573 4550; x_wconf 88' lang='lat' dir='ltr'>et</span> <span class='ocrx_word' id='word_1_592' title='bbox 1597 4491 1834 4551; x_wconf 87' lang='lat' dir='ltr'>incrementorum.</span> <span class='ocrx_word' id='word_1_593' title='bbox 1855 4478 1886 4536; x_wconf 86' lang='lat' dir='ltr'>tit</span> <span class='ocrx_word' id='word_1_594' title='bbox 1901 4485 1927 4530; x_wconf 71' lang='lat' dir='ltr'>ll</span> <span class='ocrx_word' id='word_1_595' title='bbox 1939 4474 1981 4537; x_wconf 57' lang='lat' dir='ltr'>lm</span> 
     </span>
     <span class='ocr_line' id='line_1_47' title="bbox 387 4553 1980 4658; baseline 0.004 -18"><span class='ocrx_word' id='word_1_596' title='bbox 387 4583 497 4658; x_wconf 89' lang='lat' dir='ltr'>pbctica</span> <span class='ocrx_word' id='word_1_597' title='bbox 518 4585 633 4642; x_wconf 90' lang='lat' dir='ltr'>intentio</span> <span class='ocrx_word' id='word_1_598' title='bbox 651 4600 784 4642; x_wconf 88' lang='lat' dir='ltr'>conversa</span> <span class='ocrx_word' id='word_1_599' title='bbox 798 4595 851 4642; x_wconf 81' lang='lat' dir='ltr'>est.</span> <span class='ocrx_word' id='word_1_600' title='bbox 871 4583 952 4642; x_wconf 75' lang='lat' dir='ltr'>riam</span> <span class='ocrx_word' id='word_1_601' title='bbox 968 4588 1122 4654; x_wconf 79' lang='lat' dir='ltr'>luminario,</span> <span class='ocrx_word' id='word_1_602' title='bbox 1144 4588 1187 4645; x_wconf 91' lang='lat' dir='ltr'>in·</span> <span class='ocrx_word' id='word_1_603' title='bbox 1238 4587 1363 4652; x_wconf 78' lang='lat' dir='ltr'>mireum,</span> <span class='ocrx_word' id='word_1_604' title='bbox 1380 4584 1567 4658; x_wconf 78' lang='lat' dir='ltr'>frigiditatem,</span> <span class='ocrx_word' id='word_1_605' title='bbox 1581 4585 1646 4641; x_wconf 93' lang='lat' dir='ltr'>dum</span> <span class='ocrx_word' id='word_1_606' title='bbox 1658 4585 1695 4642; x_wconf 93' lang='lat' dir='ltr'>sit</span> <span class='ocrx_word' id='word_1_607' title='bbox 1708 4580 1813 4657; x_wconf 80' lang='lat' dir='ltr'>proprie</span> <span class='ocrx_word' id='word_1_608' title='bbox 1830 4553 1980 4646; x_wconf 63' lang='lat' dir='ltr'>,quarumll</span> 
     </span>
     <span class='ocr_line' id='line_1_48' title="bbox 389 4648 1979 4751; baseline -0.007 -20"><span class='ocrx_word' id='word_1_609' title='bbox 389 4676 459 4747; x_wconf 92' lang='lat' dir='ltr'>quit,</span> <span class='ocrx_word' id='word_1_610' title='bbox 476 4677 505 4731; x_wconf 86' lang='lat' dir='ltr'>irs</span> <span class='ocrx_word' id='word_1_611' title='bbox 519 4677 685 4745; x_wconf 78' lang='lat' dir='ltr'>firmamento</span> <span class='ocrx_word' id='word_1_612' title='bbox 696 4678 773 4735; x_wconf 77' lang='grc' dir='ltr'>ιιιιίί.</span> <span class='ocrx_word' id='word_1_613' title='bbox 788 4676 964 4747; x_wconf 81' lang='lat' dir='ltr'>Recordaris,</span> <span class='ocrx_word' id='word_1_614' title='bbox 984 4688 1015 4735; x_wconf 92' lang='lat' dir='ltr'>nt</span> <span class='ocrx_word' id='word_1_615' title='bbox 1027 4681 1136 4751; x_wconf 91' lang='lat' dir='ltr'>opinor,</span> <span class='ocrx_word' id='word_1_616' title='bbox 1152 4680 1186 4739; x_wconf 91' lang='lat' dir='ltr'>de</span> <span class='ocrx_word' id='word_1_617' title='bbox 1236 4678 1421 4751; x_wconf 77' lang='lat' dir='ltr'>superioribus</span> <span class='ocrx_word' id='word_1_618' title='bbox 1442 4675 1522 4749; x_wconf 73' lang='lat' dir='ltr'>thius</span> <span class='ocrx_word' id='word_1_619' title='bbox 1533 4676 1605 4734; x_wconf 87' lang='lat' dir='ltr'>neris</span> <span class='ocrx_word' id='word_1_620' title='bbox 1619 4677 1741 4749; x_wconf 85' lang='lat' dir='ltr'>partibus</span> <span class='ocrx_word' id='word_1_621' title='bbox 1752 4669 1829 4730; x_wconf 88' lang='lat' dir='ltr'>veluti</span> <span class='ocrx_word' id='word_1_622' title='bbox 1840 4666 1865 4723; x_wconf 91' lang='lat' dir='ltr'>in</span> <span class='ocrx_word' id='word_1_623' title='bbox 1882 4648 1979 4732; x_wconf 62' lang='lat' dir='ltr'>wll·</span> 
     </span>
     <span class='ocr_line' id='line_1_49' title="bbox 388 4748 1979 4844; baseline -0.001 -22"><span class='ocrx_word' id='word_1_624' title='bbox 388 4765 443 4822; x_wconf 86' lang='lat' dir='ltr'>hoc</span> <span class='ocrx_word' id='word_1_625' title='bbox 457 4766 567 4822; x_wconf 90' lang='lat' dir='ltr'>nomine</span> <span class='ocrx_word' id='word_1_626' title='bbox 579 4768 744 4827; x_wconf 86' lang='lat' dir='ltr'>firmamenti</span> <span class='ocrx_word' id='word_1_627' title='bbox 768 4769 798 4826; x_wconf 91' lang='lat' dir='ltr'>in</span> <span class='ocrx_word' id='word_1_628' title='bbox 819 4771 909 4829; x_wconf 88' lang='lat' dir='ltr'>medio</span> <span class='ocrx_word' id='word_1_629' title='bbox 934 4786 1067 4844; x_wconf 90' lang='lat' dir='ltr'>aquarum</span> <span class='ocrx_word' id='word_1_630' title='bbox 1085 4774 1187 4831; x_wconf 90' lang='lat' dir='ltr'>consti·</span> <span class='ocrx_word' id='word_1_631' title='bbox 1212 4835 1216 4842; x_wconf 60' lang='lat'>‚</span> <span class='ocrx_word' id='word_1_632' title='bbox 1236 4779 1362 4828; x_wconf 89' lang='lat' dir='ltr'>terrenae</span> <span class='ocrx_word' id='word_1_633' title='bbox 1374 4767 1720 4838; x_wconf 83' lang='lat' dir='ltr'>¹⁰nriditatlsdescendere,</span> <span class='ocrx_word' id='word_1_634' title='bbox 1735 4761 1876 4837; x_wconf 75' lang='lat' dir='ltr'>mgnosetls</span> <span class='ocrx_word' id='word_1_635' title='bbox 1888 4748 1979 4842; x_wconf 56' lang='lat' dir='ltr'>⁸l⁰ff⁸¹f¹</span> 
     </span>
     <span class='ocr_line' id='line_1_50' title="bbox 389 4826 1979 4941; baseline -0.014 -33"><span class='ocrx_word' id='word_1_636' title='bbox 389 4851 454 4920; x_wconf 88' lang='lat' dir='ltr'>tuti,</span> <span class='ocrx_word' id='word_1_637' title='bbox 478 4854 542 4909; x_wconf 86' lang='lat' dir='ltr'>dum</span> <span class='ocrx_word' id='word_1_638' title='bbox 564 4856 597 4911; x_wconf 90' lang='lat' dir='ltr'>de</span> <span class='ocrx_word' id='word_1_639' title='bbox 619 4869 652 4912; x_wconf 89' lang='lat' dir='ltr'>eo</span> <span class='ocrx_word' id='word_1_640' title='bbox 675 4859 870 4930; x_wconf 87' lang='lat' dir='ltr'>tractabamus,</span> <span class='ocrx_word' id='word_1_641' title='bbox 892 4864 978 4920; x_wconf 89' lang='lat' dir='ltr'>nostri</span> <span class='ocrx_word' id='word_1_642' title='bbox 1000 4863 1153 4924; x_wconf 87' lang='lat' dir='ltr'>intellectus</span> <span class='ocrx_word' id='word_1_643' title='bbox 1162 4845 1207 4921; x_wconf 73' lang='grc'>·.’</span> <span class='ocrx_word' id='word_1_644' title='bbox 1236 4861 1355 4920; x_wconf 89' lang='lat' dir='ltr'>nubibus</span> <span class='ocrx_word' id='word_1_645' title='bbox 1376 4873 1521 4933; x_wconf 88' lang='lat' dir='ltr'>suspensas</span> <span class='ocrx_word' id='word_1_646' title='bbox 1531 4847 1686 4933; x_wconf 85' lang='lat' dir='ltr'>frigidiores</span> <span class='ocrx_word' id='word_1_647' title='bbox 1702 4872 1764 4916; x_wconf 87' lang='lat' dir='ltr'>esse</span> <span class='ocrx_word' id='word_1_648' title='bbox 1785 4826 1979 4941; x_wconf 79' lang='lat' dir='ltr'>marinisfuualt·</span> 
     </span>
     <span class='ocr_line' id='line_1_51' title="bbox 387 4927 1977 5026; baseline -0.001 -27"><span class='ocrx_word' id='word_1_649' title='bbox 387 4942 464 4999; x_wconf 80' lang='lat' dir='ltr'>[tusc.</span> <span class='ocrx_word' id='word_1_650' title='bbox 480 4938 620 5000; x_wconf 86' lang='lat' dir='ltr'>liecordor</span> <span class='ocrx_word' id='word_1_651' title='bbox 643 4959 719 5003; x_wconf 83' lang='lat' dir='ltr'>sane.</span> <span class='ocrx_word' id='word_1_652' title='bbox 740 4945 769 5003; x_wconf 87' lang='lat' dir='ltr'>Si</span> <span class='ocrx_word' id='word_1_653' title='bbox 790 4963 845 5005; x_wconf 92' lang='lat' dir='ltr'>non</span> <span class='ocrx_word' id='word_1_654' title='bbox 867 4953 931 5006; x_wconf 78' lang='lat' dir='ltr'>me&#39;</span> <span class='ocrx_word' id='word_1_655' title='bbox 953 4951 1023 5009; x_wconf 90' lang='lat' dir='ltr'>fallit</span> <span class='ocrx_word' id='word_1_656' title='bbox 1041 4956 1183 5024; x_wconf 89' lang='lat' dir='ltr'>memoria,</span> <span class='ocrx_word' id='word_1_657' title='bbox 1236 4954 1341 5026; x_wconf 90' lang='lat' dir='ltr'>busque</span> <span class='ocrx_word' id='word_1_658' title='bbox 1352 4952 1472 5010; x_wconf 87' lang='lat' dir='ltr'>liuentis.</span> <span class='ocrx_word' id='word_1_659' title='bbox 1484 4951 1513 5009; x_wconf 89' lang='lat' dir='ltr'>Si</span> <span class='ocrx_word' id='word_1_660' title='bbox 1521 4960 1610 5008; x_wconf 74' lang='lat' dir='ltr'>numm</span> <span class='ocrx_word' id='word_1_661' title='bbox 1622 4951 1656 5008; x_wconf 86' lang='lat' dir='ltr'>ad</span> <span class='ocrx_word' id='word_1_662' title='bbox 1671 4951 1740 5008; x_wconf 86' lang='lat' dir='ltr'>baec</span> <span class='ocrx_word' id='word_1_663' title='bbox 1749 4946 1809 5020; x_wconf 89' lang='lat' dir='ltr'>quis</span> <span class='ocrx_word' id='word_1_664' title='bbox 1817 4934 1903 4997; x_wconf 72' lang='lat' dir='ltr'>distiti·</span> <span class='ocrx_word' id='word_1_665' title='bbox 1911 4927 1977 4992; x_wconf 81' lang='lat' dir='ltr'>quare</span> 
     </span>
     <span class='ocr_line' id='line_1_52' title="bbox 386 5005 1977 5119; baseline 0.007 -27"><span class='ocrx_word' id='word_1_666' title='bbox 386 5042 555 5092; x_wconf 86' lang='lat' dir='ltr'>convenerat</span> <span class='ocrx_word' id='word_1_667' title='bbox 580 5035 688 5107; x_wconf 90' lang='lat' dir='ltr'>quidem</span> <span class='ocrx_word' id='word_1_668' title='bbox 708 5038 780 5094; x_wconf 90' lang='lat' dir='ltr'>inter</span> <span class='ocrx_word' id='word_1_669' title='bbox 797 5053 865 5107; x_wconf 83' lang='lat' dir='ltr'>nos,</span> <span class='ocrx_word' id='word_1_670' title='bbox 887 5042 924 5099; x_wconf 89' lang='lat' dir='ltr'>nil</span> <span class='ocrx_word' id='word_1_671' title='bbox 945 5045 1112 5115; x_wconf 87' lang='lat' dir='ltr'>probabilius</span> <span class='ocrx_word' id='word_1_672' title='bbox 1129 5048 1184 5106; x_wconf 77' lang='lat' dir='ltr'>eo⁸</span> <span class='ocrx_word' id='word_1_673' title='bbox 1235 5062 1301 5119; x_wconf 84' lang='lat' dir='ltr'>ergo</span> <span class='ocrx_word' id='word_1_674' title='bbox 1313 5046 1389 5104; x_wconf 89' lang='lat' dir='ltr'>multi</span> <span class='ocrx_word' id='word_1_675' title='bbox 1404 5044 1637 5118; x_wconf 88' lang='lat' dir='ltr'>pbilosophorum,</span> <span class='ocrx_word' id='word_1_676' title='bbox 1652 5052 1721 5101; x_wconf 87' lang='lat' dir='ltr'>teste</span> <span class='ocrx_word' id='word_1_677' title='bbox 1733 5040 1762 5098; x_wconf 84' lang='lat' dir='ltr'>S·</span> <span class='ocrx_word' id='word_1_678' title='bbox 1775 5024 1911 5103; x_wconf 45' lang='lat' dir='ltr'>Addidisti</span> <span class='ocrx_word' id='word_1_679' title='bbox 1922 5005 1977 5066; x_wconf 37' lang='grc' dir='ltr'>’ων</span> 
     </span>
     <span class='ocr_line' id='line_1_53' title="bbox 385 5108 1974 5213; baseline -0.003 -29"><span class='ocrx_word' id='word_1_680' title='bbox 385 5123 500 5184; x_wconf 87' lang='lat' dir='ltr'>nomine</span> <span class='ocrx_word' id='word_1_681' title='bbox 519 5125 678 5201; x_wconf 84' lang='lat' dir='ltr'>significari,</span> <span class='ocrx_word' id='word_1_682' title='bbox 692 5143 774 5203; x_wconf 91' lang='lat' dir='ltr'>quam</span> <span class='ocrx_word' id='word_1_683' title='bbox 795 5133 924 5203; x_wconf 87' lang='lat' dir='ltr'>quattuor</span> <span class='ocrx_word' id='word_1_684' title='bbox 944 5133 1108 5207; x_wconf 85' lang='lat' dir='ltr'>simplicium</span> <span class='ocrx_word' id='word_1_685' title='bbox 1128 5138 1183 5197; x_wconf 89' lang='lat' dir='ltr'>ele·</span> <span class='ocrx_word' id='word_1_686' title='bbox 1234 5147 1320 5209; x_wconf 89' lang='lat' dir='ltr'>mant,</span> <span class='ocrx_word' id='word_1_687' title='bbox 1335 5140 1426 5213; x_wconf 90' lang='lat' dir='ltr'>ignem</span> <span class='ocrx_word' id='word_1_688' title='bbox 1439 5147 1468 5195; x_wconf 88' lang='lat' dir='ltr'>et</span> <span class='ocrx_word' id='word_1_689' title='bbox 1484 5152 1549 5197; x_wconf 87' lang='lat' dir='ltr'>aera</span> <span class='ocrx_word' id='word_1_690' title='bbox 1560 5136 1582 5171; x_wconf 76' lang='lat'>&#39;¹</span> <span class='ocrx_word' id='word_1_691' title='bbox 1593 5151 1686 5208; x_wconf 80' lang='lat' dir='ltr'>agere,</span> <span class='ocrx_word' id='word_1_692' title='bbox 1699 5108 1974 5209; x_wconf 67' lang='lat' dir='ltr'>arpvsamverotlllirim</span> 
     </span>
    </p>
   </div>
   <div class='ocr_carea' id='block_1_3' title="bbox 1047 5228 1395 5314">
    <p class='ocr_par' dir='ltr' id='par_1_4' title="bbox 1047 5228 1395 5314">
     <span class='ocr_line' id='line_1_54' title="bbox 1047 5228 1395 5314; baseline 0.017 -8"><span class='ocrx_word' id='word_1_693' title='bbox 1047 5248 1175 5314; x_wconf 83' lang='lat' dir='ltr'>vsnue</span> <span class='ocrx_word' id='word_1_694' title='bbox 1192 5228 1395 5313; x_wconf 81' lang='lat' dir='ltr'>nsurronns.</span> 
     </span>
    </p>
   </div>
   <div class='ocr_carea' id='block_1_4' title="bbox 359 5314 2028 5562">
    <p class='ocr_par' dir='ltr' id='par_1_5' title="bbox 359 5314 2028 5562">
     <span class='ocr_line' id='line_1_55' title="bbox 405 5314 1974 5428; baseline -0.001 -32"><span class='ocrx_word' id='word_1_695' title='bbox 405 5337 434 5423; x_wconf 32' lang='grc' dir='ltr'>,ί</span> <span class='ocrx_word' id='word_1_696' title='bbox 456 5345 558 5422; x_wconf 25' lang='lat' dir='ltr'>titoni.</span> <span class='ocrx_word' id='word_1_697' title='bbox 579 5337 614 5422; x_wconf 66' lang='lat' dir='ltr'>h.</span> <span class='ocrx_word' id='word_1_698' title='bbox 651 5336 724 5393; x_wconf 82' lang='lat' dir='ltr'>&#39;eei</span> <span class='ocrx_word' id='word_1_699' title='bbox 742 5352 798 5395; x_wconf 85' lang='lat' dir='ltr'>om.</span> <span class='ocrx_word' id='word_1_700' title='bbox 819 5338 851 5395; x_wconf 83' lang='lat' dir='ltr'>G.</span> <span class='ocrx_word' id='word_1_701' title='bbox 888 5339 935 5398; x_wconf 74' lang='lat' dir='ltr'>&#39;l</span> <span class='ocrx_word' id='word_1_702' title='bbox 955 5325 1132 5403; x_wconf 73' lang='lat' dir='ltr'>antirufibsr.</span> <span class='ocrx_word' id='word_1_703' title='bbox 1169 5346 1288 5419; x_wconf 56' lang='lat' dir='ltr'>atoni,</span> <span class='ocrx_word' id='word_1_704' title='bbox 1302 5347 1347 5407; x_wconf 78' lang='lat' dir='ltr'>AG</span> <span class='ocrx_word' id='word_1_705' title='bbox 1362 5351 1513 5423; x_wconf 79' lang='lat' dir='ltr'>perceperit.</span> <span class='ocrx_word' id='word_1_706' title='bbox 1549 5347 1770 5407; x_wconf 67' lang='lat' dir='ltr'>’temeram</span> <span class='ocrx_word' id='word_1_707' title='bbox 1803 5314 1974 5428; x_wconf 49' lang='lat' dir='ltr'>‘W&#39;iffx</span> 
     </span>
     <span class='ocr_line' id='line_1_56' title="bbox 359 5403 1971 5500; baseline -0.011 -33"><span class='ocrx_word' id='word_1_708' title='bbox 359 5408 573 5466; x_wconf 55' lang='lat' dir='ltr'>Memnonem</span> <span class='ocrx_word' id='word_1_709' title='bbox 599 5406 756 5467; x_wconf 75' lang='lat' dir='ltr'>antefertur.</span> <span class='ocrx_word' id='word_1_710' title='bbox 803 5407 848 5494; x_wconf 59' lang='lat' dir='ltr'>[A</span> <span class='ocrx_word' id='word_1_711' title='bbox 872 5426 1002 5467; x_wconf 72' lang='lat' dir='ltr'>menen.</span> <span class='ocrx_word' id='word_1_712' title='bbox 1049 5415 1212 5488; x_wconf 56' lang='lat' dir='ltr'>triario„</span> <span class='ocrx_word' id='word_1_713' title='bbox 1241 5418 1317 5477; x_wconf 77' lang='lat' dir='ltr'>&#39;sint</span> <span class='ocrx_word' id='word_1_714' title='bbox 1340 5420 1442 5477; x_wconf 78' lang='lat' dir='ltr'>omd.</span> <span class='ocrx_word' id='word_1_715' title='bbox 1487 5421 1509 5454; x_wconf 86' lang='lat'>¹⁰</span> <span class='ocrx_word' id='word_1_716' title='bbox 1529 5418 1647 5478; x_wconf 71' lang='lat' dir='ltr'>ciera.</span> <span class='ocrx_word' id='word_1_717' title='bbox 1686 5416 1743 5473; x_wconf 73' lang='lat' dir='ltr'>”A</span> <span class='ocrx_word' id='word_1_718' title='bbox 1763 5421 1818 5468; x_wconf 82' lang='lat' dir='ltr'>eam</span> <span class='ocrx_word' id='word_1_719' title='bbox 1841 5403 1900 5456; x_wconf 81' lang='lat' dir='ltr'>aaut·</span> <span class='ocrx_word' id='word_1_720' title='bbox 1947 5445 1971 5500; x_wconf 40' lang='grc' dir='ltr'>Α,</span> 
     </span>
     <span class='ocr_line' id='line_1_57' title="bbox 359 5470 2028 5562; baseline -0.006 -7"><span class='ocrx_word' id='word_1_721' title='bbox 359 5513 364 5524; x_wconf 79' lang='grc'><strong>’</strong></span> <span class='ocrx_word' id='word_1_722' title='bbox 441 5480 524 5535; x_wconf 64' lang='lat'><strong>”⁸⁰1¹</strong></span> <span class='ocrx_word' id='word_1_723' title='bbox 541 5482 677 5537; x_wconf 59' lang='lat' dir='ltr'>dmm·</span> <span class='ocrx_word' id='word_1_724' title='bbox 717 5478 989 5551; x_wconf 74' lang='lat' dir='ltr'>¹¹Con1.,hf}neta.</span> <span class='ocrx_word' id='word_1_725' title='bbox 1028 5486 1155 5544; x_wconf 65' lang='lat' dir='ltr'>&#39;’fonm</span> <span class='ocrx_word' id='word_1_726' title='bbox 1178 5487 1281 5548; x_wconf 75' lang='lat' dir='ltr'>cmc.</span> <span class='ocrx_word' id='word_1_727' title='bbox 1320 5491 1343 5524; x_wconf 82' lang='lat'>¹⁰</span> <span class='ocrx_word' id='word_1_728' title='bbox 1362 5489 1592 5562; x_wconf 85' lang='lat' dir='ltr'>proportionaliter</span> <span class='ocrx_word' id='word_1_729' title='bbox 1609 5488 1709 5547; x_wconf 79' lang='lat' dir='ltr'>omli.</span> <span class='ocrx_word' id='word_1_730' title='bbox 1747 5480 1887 5548; x_wconf 69' lang='lat' dir='ltr'>ttqsatttor</span> <span class='ocrx_word' id='word_1_731' title='bbox 1897 5470 1938 5513; x_wconf 76' lang='lat'>⁰⁰¹¹</span> <span class='ocrx_word' id='word_1_732' title='bbox 2027 5499 2028 5504; x_wconf 74' lang='grc'>’</span> 
     </span>
    </p>
   </div>
   <div class='ocr_carea' id='block_1_5' title="bbox 359 5543 1921 5635">
    <p class='ocr_par' dir='ltr' id='par_1_6' title="bbox 359 5543 1921 5635">
     <span class='ocr_line' id='line_1_58' title="bbox 359 5543 1921 5635; baseline -0.002 -13"><span class='ocrx_word' id='word_1_733' title='bbox 359 5548 412 5594; x_wconf 80' lang='lat'>·¹&#39;</span> <span class='ocrx_word' id='word_1_734' title='bbox 460 5551 588 5621; x_wconf 72' lang='lat' dir='ltr'>th&#39;tot·</span> <span class='ocrx_word' id='word_1_735' title='bbox 626 5549 911 5614; x_wconf 75' lang='lat' dir='ltr'>”lamnationem</span> <span class='ocrx_word' id='word_1_736' title='bbox 950 5554 972 5590; x_wconf 77' lang='lat'>¹·</span> <span class='ocrx_word' id='word_1_737' title='bbox 988 5555 1438 5635; x_wconf 57' lang='lat' dir='ltr'>cinnomannorum.</span> <span class='ocrx_word' id='word_1_738' title='bbox 1475 5562 1499 5595; x_wconf 79' lang='lat'>¹·</span> <span class='ocrx_word' id='word_1_739' title='bbox 1513 5570 1697 5622; x_wconf 75' lang='lat' dir='ltr'>terrenorum.</span> <span class='ocrx_word' id='word_1_740' title='bbox 1710 5557 1742 5620; x_wconf 85' lang='lat' dir='ltr'>t.</span> <span class='ocrx_word' id='word_1_741' title='bbox 1777 5543 1921 5601; x_wconf 52' lang='lat' dir='ltr'>&#39;&#39;iim‘&#39;</span> 
     </span>
    </p>
   </div>
   <div class='ocr_carea' id='block_1_6' title="bbox 361 5680 1979 5870">
    <p class='ocr_par' dir='ltr' id='par_1_7' title="bbox 361 5680 1979 5870">
     <span class='ocr_line' id='line_1_59' title="bbox 1147 5680 1979 5765; baseline -0.037 -24"><span class='ocrx_word' id='word_1_742' title='bbox 1147 5680 1272 5744; x_wconf 83' lang='lat' dir='ltr'>nonna.</span> <span class='ocrx_word' id='word_1_743' title='bbox 1460 5705 1478 5719; x_wconf 84' lang='lat'>·-</span> <span class='ocrx_word' id='word_1_744' title='bbox 1608 5709 1632 5749; x_wconf 40' lang='lat'>2.</span> <span class='ocrx_word' id='word_1_745' title='bbox 1933 5736 1979 5765; x_wconf 25' lang='grc' dir='ltr'>,ι</span> 
     </span>
     <span class='ocr_line' id='line_1_60' title="bbox 361 5756 1915 5870; baseline -0.041 -28"><span class='ocrx_word' id='word_1_746' title='bbox 361 5838 363 5842; x_wconf 74' lang='grc'>,</span> <span class='ocrx_word' id='word_1_747' title='bbox 427 5771 846 5864; x_wconf 60' lang='grc' dir='ltr'>ξίίίιὶίεῦιοιι.ίί,ίίί.·</span> <span class='ocrx_word' id='word_1_748' title='bbox 1186 5861 1197 5870; x_wconf 71' lang='lat'>„</span> <span class='ocrx_word' id='word_1_749' title='bbox 1675 5761 1800 5812; x_wconf 60' lang='lat' dir='ltr'>aq...</span> <span class='ocrx_word' id='word_1_750' title='bbox 1860 5756 1915 5784; x_wconf 51' lang='grc' dir='ltr'>,μ</span> 
     </span>
    </p>
   </div>
   <div class='ocr_carea' id='block_1_7' title="bbox 1380 5813 1975 5872">
    <p class='ocr_par' dir='ltr' id='par_1_8' title="bbox 1380 5813 1975 5872">
     <span class='ocr_line' id='line_1_61' title="bbox 1380 5813 1975 5872; baseline -0.015 1"><span class='ocrx_word' id='word_1_751' title='bbox 1380 5849 1386 5862; x_wconf 75' lang='grc'><strong>”</strong></span> <span class='ocrx_word' id='word_1_752' title='bbox 1473 5863 1480 5872; x_wconf 59' lang='lat' dir='ltr'>t</span> <span class='ocrx_word' id='word_1_753' title='bbox 1507 5825 1561 5872; x_wconf 28' lang='lat' dir='ltr'>‘aa</span> <span class='ocrx_word' id='word_1_754' title='bbox 1600 5816 1910 5870; x_wconf 42' lang='lat' dir='ltr'>&#39;s„„,„¹w,.dw-&#39;‘*&#39;s‘</span> <span class='ocrx_word' id='word_1_755' title='bbox 1933 5813 1975 5836; x_wconf 42' lang='grc' dir='ltr'><em>Ἀ</em></span> 
     </span>
    </p>
   </div>
   <div class='ocr_carea' id='block_1_8' title="bbox 0 0 2088 6625">
    <p class='ocr_par' dir='ltr' id='par_1_9' title="bbox 0 0 2088 6625">
     <span class='ocr_line' id='line_1_62' title="bbox 0 0 2088 6625; baseline 0 5"><span class='ocrx_word' id='word_1_756' title='bbox 0 0 2088 6625; x_wconf 95' lang='lat' dir='ltr'> </span> 
     </span>
    </p>
   </div>
  </div>
 </body>
</html>
