<?xml version="1.0" encoding="UTF-8"?>
<!DOCTYPE html PUBLIC "-//W3C//DTD XHTML 1.0 Transitional//EN"
    "http://www.w3.org/TR/xhtml1/DTD/xhtml1-transitional.dtd">
<html xmlns="http://www.w3.org/1999/xhtml" xml:lang="en" lang="en">
 <head>
  <title>
</title>
<meta http-equiv="Content-Type" content="text/html;charset=utf-8" />
  <meta name='ocr-system' content='tesseract 3.04.00' />
  <meta name='ocr-capabilities' content='ocr_page ocr_carea ocr_par ocr_line ocrx_word'/>
</head>
<body>
  <div class='ocr_page' id='page_1' title='image "./operaquaesupers01flosgoog/operaquaesupers01flosgoog_0615.png"; bbox 0 0 4167 6625; ppageno 0'>
   <div class='ocr_carea' id='block_1_1' title="bbox 103 347 169 407">
    <p class='ocr_par' dir='ltr' id='par_1_1' title="bbox 103 347 169 407">
     <span class='ocr_line' id='line_1_1' title="bbox 103 347 169 407; baseline 0.061 -4"><span class='ocrx_word' id='word_1_1' title='bbox 103 347 169 407; x_wconf 78' lang='lat' dir='ltr'><strong>titt</strong></span> 
     </span>
    </p>
   </div>
   <div class='ocr_carea' id='block_1_2' title="bbox 382 357 1376 446">
    <p class='ocr_par' dir='ltr' id='par_1_2' title="bbox 382 357 1376 446">
     <span class='ocr_line' id='line_1_2' title="bbox 382 357 1376 446; baseline 0.013 -31"><span class='ocrx_word' id='word_1_2' title='bbox 382 357 515 421; x_wconf 74' lang='lat' dir='ltr'><strong>tunsio</strong></span> <span class='ocrx_word' id='word_1_3' title='bbox 533 362 676 424; x_wconf 78' lang='lat' dir='ltr'><strong>ort-:tttbt</strong></span> <span class='ocrx_word' id='word_1_4' title='bbox 696 365 725 422; x_wconf 85' lang='lat' dir='ltr'><strong>S.</strong></span> <span class='ocrx_word' id='word_1_5' title='bbox 743 366 903 426; x_wconf 74' lang='lat' dir='ltr'><strong>blotvt&#39;sb.</strong></span> <span class='ocrx_word' id='word_1_6' title='bbox 923 399 958 409; x_wconf 52' lang='grc' dir='ltr'><strong>-κ</strong></span> <span class='ocrx_word' id='word_1_7' title='bbox 976 370 1023 446; x_wconf 67' lang='grc' dir='ltr'><strong>[ιιι1</strong></span> <span class='ocrx_word' id='word_1_8' title='bbox 1038 370 1162 429; x_wconf 82' lang='lat' dir='ltr'><strong>btttttts</strong></span> <span class='ocrx_word' id='word_1_9' title='bbox 1181 369 1376 431; x_wconf 72' lang='lat' dir='ltr'><strong>NOMINIBUS.</strong></span> 
     </span>
    </p>
   </div>
   <div class='ocr_carea' id='block_1_3' title="bbox 1648 374 1718 434">
    <p class='ocr_par' dir='ltr' id='par_1_3' title="bbox 1648 374 1718 434">
     <span class='ocr_line' id='line_1_3' title="bbox 1648 374 1718 434; baseline 0.043 -3"><span class='ocrx_word' id='word_1_10' title='bbox 1648 374 1718 434; x_wconf 79' lang='lat' dir='ltr'><strong>titt</strong></span> 
     </span>
    </p>
   </div>
   <div class='ocr_carea' id='block_1_4' title="bbox 99 470 1718 556">
    <p class='ocr_par' dir='ltr' id='par_1_4' title="bbox 99 470 1718 556">
     <span class='ocr_line' id='line_1_4' title="bbox 99 470 1718 556; baseline 0.015 -37"><span class='ocrx_word' id='word_1_11' title='bbox 99 473 182 528; x_wconf 85' lang='lat' dir='ltr'><strong>scunt,</strong></span> <span class='ocrx_word' id='word_1_12' title='bbox 195 477 223 520; x_wconf 92' lang='lat' dir='ltr'><strong>et</strong></span> <span class='ocrx_word' id='word_1_13' title='bbox 239 481 293 521; x_wconf 92' lang='lat' dir='ltr'><strong>non</strong></span> <span class='ocrx_word' id='word_1_14' title='bbox 310 483 353 525; x_wconf 89' lang='lat' dir='ltr'><strong>est</strong></span> <span class='ocrx_word' id='word_1_15' title='bbox 366 470 430 540; x_wconf 91' lang='lat' dir='ltr'><strong>qnid</strong></span> <span class='ocrx_word' id='word_1_16' title='bbox 444 475 628 546; x_wconf 81' lang='lat' dir='ltr'><strong>existentium,</strong></span> <span class='ocrx_word' id='word_1_17' title='bbox 644 478 715 548; x_wconf 92' lang='lat' dir='ltr'><strong>quod</strong></span> <span class='ocrx_word' id='word_1_18' title='bbox 730 495 782 535; x_wconf 93' lang='lat' dir='ltr'><strong>nou</strong></span> <span class='ocrx_word' id='word_1_19' title='bbox 797 480 881 551; x_wconf 91' lang='lat' dir='ltr'><strong>parti·</strong></span> <span class='ocrx_word' id='word_1_20' title='bbox 896 487 918 545; x_wconf 76' lang='grc' dir='ltr'>Α</span> <span class='ocrx_word' id='word_1_21' title='bbox 932 490 1019 537; x_wconf 90' lang='lat' dir='ltr'><strong>status</strong></span> <span class='ocrx_word' id='word_1_22' title='bbox 1044 493 1071 539; x_wconf 89' lang='lat' dir='ltr'><strong>ct</strong></span> <span class='ocrx_word' id='word_1_23' title='bbox 1096 494 1185 540; x_wconf 88' lang='lat' dir='ltr'><strong>rnutns</strong></span> <span class='ocrx_word' id='word_1_24' title='bbox 1207 493 1235 540; x_wconf 91' lang='lat' dir='ltr'><strong>et</strong></span> <span class='ocrx_word' id='word_1_25' title='bbox 1256 500 1288 540; x_wconf 86' lang='lat' dir='ltr'><strong>ex</strong></span> <span class='ocrx_word' id='word_1_26' title='bbox 1315 486 1386 556; x_wconf 83' lang='lat' dir='ltr'><strong>ipso,</strong></span> <span class='ocrx_word' id='word_1_27' title='bbox 1402 492 1430 539; x_wconf 91' lang='lat' dir='ltr'><strong>et</strong></span> <span class='ocrx_word' id='word_1_28' title='bbox 1453 499 1502 554; x_wconf 88' lang='lat' dir='ltr'><strong>per</strong></span> <span class='ocrx_word' id='word_1_29' title='bbox 1526 487 1627 554; x_wconf 88' lang='lat' dir='ltr'><strong>ipsunt,</strong></span> <span class='ocrx_word' id='word_1_30' title='bbox 1649 495 1677 541; x_wconf 90' lang='lat' dir='ltr'><strong>et</strong></span> <span class='ocrx_word' id='word_1_31' title='bbox 1690 489 1718 543; x_wconf 93' lang='lat' dir='ltr'><strong>in</strong></span> 
     </span>
    </p>
   </div>
   <div class='ocr_carea' id='block_1_5' title="bbox 96 556 880 1100">
    <p class='ocr_par' dir='ltr' id='par_1_5' title="bbox 96 556 880 1100">
     <span class='ocr_line' id='line_1_5' title="bbox 98 556 879 634; baseline 0.023 -23"><span class='ocrx_word' id='word_1_32' title='bbox 98 556 166 627; x_wconf 88' lang='lat' dir='ltr'><strong>cipat</strong></span> <span class='ocrx_word' id='word_1_33' title='bbox 184 558 284 616; x_wconf 73' lang='lat' dir='ltr'><strong>mrum</strong></span> <span class='ocrx_word' id='word_1_34' title='bbox 308 571 337 617; x_wconf 90' lang='lat' dir='ltr'><strong>et</strong></span> <span class='ocrx_word' id='word_1_35' title='bbox 359 565 501 634; x_wconf 89' lang='lat' dir='ltr'><strong>optimum.</strong></span> <span class='ocrx_word' id='word_1_36' title='bbox 527 569 642 626; x_wconf 74' lang='lat' dir='ltr'><strong>Audebit</strong></span> <span class='ocrx_word' id='word_1_37' title='bbox 665 581 753 627; x_wconf 91' lang='lat' dir='ltr'><strong>antem</strong></span> <span class='ocrx_word' id='word_1_38' title='bbox 777 579 803 627; x_wconf 91' lang='lat' dir='ltr'><strong>et</strong></span> <span class='ocrx_word' id='word_1_39' title='bbox 828 572 879 629; x_wconf 90' lang='lat' dir='ltr'><strong>ltoe</strong></span> 
     </span>
     <span class='ocr_line' id='line_1_6' title="bbox 98 650 878 735; baseline 0.019 -31"><span class='ocrx_word' id='word_1_40' title='bbox 98 650 162 704; x_wconf 88' lang='lat' dir='ltr'><strong>ratio</strong></span> <span class='ocrx_word' id='word_1_41' title='bbox 175 650 276 718; x_wconf 81' lang='lat' dir='ltr'>dicere,</span> <span class='ocrx_word' id='word_1_42' title='bbox 291 652 354 724; x_wconf 92' lang='lat' dir='ltr'><strong>quia</strong></span> <span class='ocrx_word' id='word_1_43' title='bbox 370 665 398 711; x_wconf 91' lang='lat' dir='ltr'><strong>et</strong></span> <span class='ocrx_word' id='word_1_44' title='bbox 410 660 481 729; x_wconf 90' lang='lat' dir='ltr'><strong>quud</strong></span> <span class='ocrx_word' id='word_1_45' title='bbox 497 675 549 715; x_wconf 90' lang='lat' dir='ltr'><strong>aon</strong></span> <span class='ocrx_word' id='word_1_46' title='bbox 570 658 608 727; x_wconf 80' lang='grc' dir='ltr'><strong>ὅν,</strong></span> <span class='ocrx_word' id='word_1_47' title='bbox 625 665 767 735; x_wconf 90' lang='lat' dir='ltr'><strong>participat</strong></span> <span class='ocrx_word' id='word_1_48' title='bbox 778 664 878 719; x_wconf 90' lang='lat' dir='ltr'><strong>bonum</strong></span> 
     </span>
     <span class='ocr_line' id='line_1_7' title="bbox 98 740 877 825; baseline 0.023 -32"><span class='ocrx_word' id='word_1_49' title='bbox 98 746 124 794; x_wconf 87' lang='lat' dir='ltr'><strong>et</strong></span> <span class='ocrx_word' id='word_1_50' title='bbox 135 740 271 812; x_wconf 90' lang='lat' dir='ltr'><strong>optimum.</strong></span> <span class='ocrx_word' id='word_1_51' title='bbox 287 741 364 802; x_wconf 86' lang='lat' dir='ltr'><strong>l&#39;une</strong></span> <span class='ocrx_word' id='word_1_52' title='bbox 380 749 453 803; x_wconf 90' lang='lat' dir='ltr'><strong>euim</strong></span> <span class='ocrx_word' id='word_1_53' title='bbox 476 758 504 806; x_wconf 90' lang='lat' dir='ltr'><strong>et</strong></span> <span class='ocrx_word' id='word_1_54' title='bbox 517 751 568 807; x_wconf 90' lang='lat' dir='ltr'><strong>boc</strong></span> <span class='ocrx_word' id='word_1_55' title='bbox 581 753 679 809; x_wconf 92' lang='lat' dir='ltr'><strong>bonum</strong></span> <span class='ocrx_word' id='word_1_56' title='bbox 696 764 724 811; x_wconf 87' lang='lat' dir='ltr'><strong>et</strong></span> <span class='ocrx_word' id='word_1_57' title='bbox 737 755 877 825; x_wconf 87' lang='lat' dir='ltr'><strong>optimum,</strong></span> 
     </span>
     <span class='ocr_line' id='line_1_8' title="bbox 98 832 878 917; baseline 0.022 -33"><span class='ocrx_word' id='word_1_58' title='bbox 98 845 154 886; x_wconf 89' lang='lat' dir='ltr'><strong>enm</strong></span> <span class='ocrx_word' id='word_1_59' title='bbox 173 832 199 888; x_wconf 91' lang='lat' dir='ltr'><strong>ln</strong></span> <span class='ocrx_word' id='word_1_60' title='bbox 223 833 279 890; x_wconf 82' lang='lat' dir='ltr'><strong>lieo</strong></span> <span class='ocrx_word' id='word_1_61' title='bbox 303 836 451 894; x_wconf 88' lang='lat' dir='ltr'><strong>secundum</strong></span> <span class='ocrx_word' id='word_1_62' title='bbox 471 843 592 900; x_wconf 88' lang='lat' dir='ltr'><strong>omnium</strong></span> <span class='ocrx_word' id='word_1_63' title='bbox 607 845 768 902; x_wconf 89' lang='lat' dir='ltr'><strong>ablationem</strong></span> <span class='ocrx_word' id='word_1_64' title='bbox 783 863 878 917; x_wconf 89' lang='lat' dir='ltr'><strong>super·</strong></span> 
     </span>
     <span class='ocr_line' id='line_1_9' title="bbox 96 923 879 1006; baseline 0.02 -29"><span class='ocrx_word' id='word_1_65' title='bbox 96 923 269 980; x_wconf 76' lang='lat' dir='ltr'><strong>essentialiter</strong></span> <span class='ocrx_word' id='word_1_66' title='bbox 282 924 415 984; x_wconf 88' lang='lat' dir='ltr'><strong>laudatur.</strong></span> <span class='ocrx_word' id='word_1_67' title='bbox 432 930 488 987; x_wconf 91' lang='lat' dir='ltr'><strong>lloc</strong></span> <span class='ocrx_word' id='word_1_68' title='bbox 501 949 583 990; x_wconf 88' lang='lat' dir='ltr'><strong>unttnt</strong></span> <span class='ocrx_word' id='word_1_69' title='bbox 594 936 725 1006; x_wconf 89' lang='lat' dir='ltr'><strong>optimum</strong></span> <span class='ocrx_word' id='word_1_70' title='bbox 739 945 765 992; x_wconf 91' lang='lat' dir='ltr'><strong>ei</strong></span> <span class='ocrx_word' id='word_1_71' title='bbox 780 937 879 993; x_wconf 89' lang='lat' dir='ltr'><strong>bonum</strong></span> 
     </span>
     <span class='ocr_line' id='line_1_10' title="bbox 96 1013 880 1100; baseline 0.023 -32"><span class='ocrx_word' id='word_1_72' title='bbox 96 1013 263 1088; x_wconf 70' lang='lat' dir='ltr'><strong>singulariter</strong></span> <span class='ocrx_word' id='word_1_73' title='bbox 273 1031 316 1076; x_wconf 89' lang='lat' dir='ltr'><strong>est</strong></span> <span class='ocrx_word' id='word_1_74' title='bbox 330 1023 448 1078; x_wconf 88' lang='lat' dir='ltr'><strong>omniunt</strong></span> <span class='ocrx_word' id='word_1_75' title='bbox 466 1027 609 1082; x_wconf 86' lang='lat' dir='ltr'><strong>ttrttltorum</strong></span> <span class='ocrx_word' id='word_1_76' title='bbox 623 1028 754 1083; x_wconf 90' lang='lat' dir='ltr'><strong>bonorum</strong></span> <span class='ocrx_word' id='word_1_77' title='bbox 768 1037 796 1085; x_wconf 94' lang='lat' dir='ltr'><strong>et</strong></span> <span class='ocrx_word' id='word_1_78' title='bbox 809 1029 880 1100; x_wconf 88' lang='lat' dir='ltr'><strong>opti·</strong></span> 
     </span>
    </p>
   </div>
   <div class='ocr_carea' id='block_1_6' title="bbox 928 572 1722 1098">
    <p class='ocr_par' dir='ltr' id='par_1_6' title="bbox 928 572 1722 1098">
     <span class='ocr_line' id='line_1_11' title="bbox 928 572 1719 646; baseline 0.006 -19"><span class='ocrx_word' id='word_1_79' title='bbox 928 572 1026 643; x_wconf 88' lang='lat' dir='ltr'><strong>ipsum,</strong></span> <span class='ocrx_word' id='word_1_80' title='bbox 1051 583 1080 628; x_wconf 89' lang='lat' dir='ltr'><strong>ct</strong></span> <span class='ocrx_word' id='word_1_81' title='bbox 1105 583 1214 646; x_wconf 89' lang='lat' dir='ltr'><strong>propter</strong></span> <span class='ocrx_word' id='word_1_82' title='bbox 1238 576 1334 646; x_wconf 89' lang='lat' dir='ltr'><strong>ipsum.</strong></span> <span class='ocrx_word' id='word_1_83' title='bbox 1362 575 1469 631; x_wconf 86' lang='lat' dir='ltr'><strong>Etenim</strong></span> <span class='ocrx_word' id='word_1_84' title='bbox 1492 590 1525 630; x_wconf 84' lang='lat' dir='ltr'><strong>cx</strong></span> <span class='ocrx_word' id='word_1_85' title='bbox 1545 576 1614 646; x_wconf 90' lang='lat' dir='ltr'><strong>ipso,</strong></span> <span class='ocrx_word' id='word_1_86' title='bbox 1629 584 1656 632; x_wconf 93' lang='lat' dir='ltr'><strong>et</strong></span> <span class='ocrx_word' id='word_1_87' title='bbox 1671 590 1719 646; x_wconf 91' lang='lat' dir='ltr'><strong>per</strong></span> 
     </span>
     <span class='ocr_line' id='line_1_12' title="bbox 929 663 1719 735; baseline 0.004 -17"><span class='ocrx_word' id='word_1_88' title='bbox 929 663 1015 735; x_wconf 89' lang='lat' dir='ltr'><strong>ipsum</strong></span> <span class='ocrx_word' id='word_1_89' title='bbox 1029 673 1057 720; x_wconf 90' lang='lat' dir='ltr'><strong>et</strong></span> <span class='ocrx_word' id='word_1_90' title='bbox 1070 667 1200 733; x_wconf 73' lang='lat' dir='ltr'><strong>essentia,</strong></span> <span class='ocrx_word' id='word_1_91' title='bbox 1217 676 1245 722; x_wconf 88' lang='lat' dir='ltr'><strong>et</strong></span> <span class='ocrx_word' id='word_1_92' title='bbox 1258 666 1312 721; x_wconf 89' lang='lat' dir='ltr'><strong>vita</strong></span> <span class='ocrx_word' id='word_1_93' title='bbox 1325 665 1424 731; x_wconf 90' lang='lat' dir='ltr'><strong>omnis,</strong></span> <span class='ocrx_word' id='word_1_94' title='bbox 1440 674 1468 721; x_wconf 91' lang='lat' dir='ltr'><strong>et</strong></span> <span class='ocrx_word' id='word_1_95' title='bbox 1489 667 1587 721; x_wconf 90' lang='lat' dir='ltr'><strong>mentis</strong></span> <span class='ocrx_word' id='word_1_96' title='bbox 1610 673 1637 721; x_wconf 89' lang='lat' dir='ltr'><strong>et</strong></span> <span class='ocrx_word' id='word_1_97' title='bbox 1659 666 1719 720; x_wconf 72' lang='lat' dir='ltr'><strong>ani⁴</strong></span> 
     </span>
     <span class='ocr_line' id='line_1_13' title="bbox 929 755 1720 827; baseline 0.005 -19"><span class='ocrx_word' id='word_1_98' title='bbox 929 769 989 809; x_wconf 89' lang='lat' dir='ltr'><strong>mae</strong></span> <span class='ocrx_word' id='word_1_99' title='bbox 1001 769 1017 810; x_wconf 89' lang='lat' dir='ltr'><strong>e</strong></span> <span class='ocrx_word' id='word_1_100' title='bbox 1031 762 1042 809; x_wconf 95' lang='lat' dir='ltr'><strong>t</strong></span> <span class='ocrx_word' id='word_1_101' title='bbox 1054 755 1143 812; x_wconf 90' lang='lat' dir='ltr'><strong>omnis</strong></span> <span class='ocrx_word' id='word_1_102' title='bbox 1157 766 1270 812; x_wconf 90' lang='lat' dir='ltr'><strong>naturae</strong></span> <span class='ocrx_word' id='word_1_103' title='bbox 1285 756 1440 827; x_wconf 86' lang='lat' dir='ltr'><strong>parvitates,</strong></span> <span class='ocrx_word' id='word_1_104' title='bbox 1458 757 1644 827; x_wconf 75' lang='lat' dir='ltr'><strong>aequalitates,</strong></span> <span class='ocrx_word' id='word_1_105' title='bbox 1663 769 1720 812; x_wconf 87' lang='lat' dir='ltr'><strong>ma·</strong></span> 
     </span>
     <span class='ocr_line' id='line_1_14' title="bbox 928 843 1721 917; baseline 0.005 -20"><span class='ocrx_word' id='word_1_106' title='bbox 928 845 1092 917; x_wconf 78' lang='lat' dir='ltr'><strong>guitudines,</strong></span> <span class='ocrx_word' id='word_1_107' title='bbox 1110 861 1254 902; x_wconf 80' lang='lat' dir='ltr'><strong>mensurae</strong></span> <span class='ocrx_word' id='word_1_108' title='bbox 1268 860 1381 912; x_wconf 89' lang='lat' dir='ltr'><strong>omues,</strong></span> <span class='ocrx_word' id='word_1_109' title='bbox 1395 843 1569 902; x_wconf 83' lang='lat' dir='ltr'><strong>existentium</strong></span> <span class='ocrx_word' id='word_1_110' title='bbox 1590 845 1721 902; x_wconf 89' lang='lat' dir='ltr'><strong>corratio-</strong></span> 
     </span>
     <span class='ocr_line' id='line_1_15' title="bbox 929 935 1722 1010; baseline 0.001 -19"><span class='ocrx_word' id='word_1_111' title='bbox 929 935 1098 1002; x_wconf 89' lang='lat' dir='ltr'><strong>nabilitates,</strong></span> <span class='ocrx_word' id='word_1_112' title='bbox 1119 947 1147 992; x_wconf 90' lang='lat' dir='ltr'><strong>et</strong></span> <span class='ocrx_word' id='word_1_113' title='bbox 1166 937 1378 1010; x_wconf 79' lang='lat' dir='ltr'><strong>compactiones,</strong></span> <span class='ocrx_word' id='word_1_114' title='bbox 1391 945 1418 992; x_wconf 92' lang='lat' dir='ltr'><strong>et</strong></span> <span class='ocrx_word' id='word_1_115' title='bbox 1439 938 1643 1002; x_wconf 79' lang='lat' dir='ltr'><strong>concretiones,</strong></span> <span class='ocrx_word' id='word_1_116' title='bbox 1660 936 1722 992; x_wconf 93' lang='lat' dir='ltr'><strong>ttul-</strong></span> 
     </span>
     <span class='ocr_line' id='line_1_16' title="bbox 928 1025 1722 1098; baseline 0.004 -20"><span class='ocrx_word' id='word_1_117' title='bbox 928 1026 1082 1091; x_wconf 88' lang='lat' dir='ltr'><strong>versitates,</strong></span> <span class='ocrx_word' id='word_1_118' title='bbox 1097 1034 1188 1098; x_wconf 87' lang='lat' dir='ltr'><strong>partes</strong></span> <span class='ocrx_word' id='word_1_119' title='bbox 1212 1041 1316 1092; x_wconf 90' lang='lat' dir='ltr'><strong>omnes,</strong></span> <span class='ocrx_word' id='word_1_120' title='bbox 1341 1042 1435 1092; x_wconf 84' lang='lat' dir='ltr'><strong>unum,</strong></span> <span class='ocrx_word' id='word_1_121' title='bbox 1449 1034 1478 1083; x_wconf 90' lang='lat' dir='ltr'><strong>et</strong></span> <span class='ocrx_word' id='word_1_122' title='bbox 1488 1025 1640 1092; x_wconf 90' lang='lat' dir='ltr'><strong>multitudo,</strong></span> <span class='ocrx_word' id='word_1_123' title='bbox 1656 1041 1722 1083; x_wconf 77' lang='grc' dir='ltr'>ιιιιι-</span> 
     </span>
    </p>
   </div>
   <div class='ocr_carea' id='block_1_7' title="bbox 96 1109 1720 1187">
    <p class='ocr_par' dir='ltr' id='par_1_7' title="bbox 96 1109 1720 1187">
     <span class='ocr_line' id='line_1_17' title="bbox 96 1109 1720 1187; baseline 0.014 -27"><span class='ocrx_word' id='word_1_124' title='bbox 96 1119 195 1162; x_wconf 91' lang='lat' dir='ltr'><strong>morum</strong></span> <span class='ocrx_word' id='word_1_125' title='bbox 215 1109 333 1167; x_wconf 83' lang='lat' dir='ltr'><strong>causale.</strong></span> <span class='ocrx_word' id='word_1_126' title='bbox 358 1113 397 1169; x_wconf 80' lang='lat' dir='ltr'><strong>Ex</strong></span> <span class='ocrx_word' id='word_1_127' title='bbox 423 1116 474 1171; x_wconf 89' lang='lat' dir='ltr'><strong>ltoe</strong></span> <span class='ocrx_word' id='word_1_128' title='bbox 495 1120 879 1176; x_wconf 82' lang='lat' dir='ltr'><strong>omueseaistcntinmessen·</strong></span> <span class='ocrx_word' id='word_1_129' title='bbox 926 1116 1081 1187; x_wconf 84' lang='lat' dir='ltr'><strong>junctiones</strong></span> <span class='ocrx_word' id='word_1_130' title='bbox 1103 1118 1240 1187; x_wconf 68' lang='lat' dir='ltr'><strong>baillum,</strong></span> <span class='ocrx_word' id='word_1_131' title='bbox 1270 1116 1353 1172; x_wconf 70' lang='grc' dir='ltr'>ῑθίίῑιι</span> <span class='ocrx_word' id='word_1_132' title='bbox 1378 1116 1558 1173; x_wconf 90' lang='lat' dir='ltr'><strong>multitudinis</strong></span> <span class='ocrx_word' id='word_1_133' title='bbox 1590 1117 1720 1183; x_wconf 65' lang='lat' dir='ltr'><strong>ussllsslesss</strong></span> 
     </span>
    </p>
   </div>
   <div class='ocr_carea' id='block_1_8' title="bbox 91 1194 891 1827">
    <p class='ocr_par' dir='ltr' id='par_1_8' title="bbox 91 1194 891 1827">
     <span class='ocr_line' id='line_1_18' title="bbox 94 1194 878 1276; baseline 0.02 -26"><span class='ocrx_word' id='word_1_134' title='bbox 94 1194 171 1253; x_wconf 86' lang='lat' dir='ltr'><strong>tiales</strong></span> <span class='ocrx_word' id='word_1_135' title='bbox 185 1199 383 1269; x_wconf 85' lang='lat' dir='ltr'><strong>subsistentiae,</strong></span> <span class='ocrx_word' id='word_1_136' title='bbox 401 1205 528 1272; x_wconf 83' lang='lat' dir='ltr'><strong>unitates,</strong></span> <span class='ocrx_word' id='word_1_137' title='bbox 544 1208 732 1276; x_wconf 80' lang='lat' dir='ltr'><strong>discretiones,</strong></span> <span class='ocrx_word' id='word_1_138' title='bbox 749 1211 878 1266; x_wconf 91' lang='lat' dir='ltr'><strong>immuta·</strong></span> 
     </span>
     <span class='ocr_line' id='line_1_19' title="bbox 93 1279 877 1372; baseline 0.026 -31"><span class='ocrx_word' id='word_1_139' title='bbox 93 1279 219 1358; x_wconf 85' lang='lat' dir='ltr'><strong>bilitates,</strong></span> <span class='ocrx_word' id='word_1_140' title='bbox 233 1291 394 1363; x_wconf 90' lang='lat' dir='ltr'><strong>alteritates,</strong></span> <span class='ocrx_word' id='word_1_141' title='bbox 410 1299 612 1369; x_wconf 86' lang='lat' dir='ltr'><strong>similitudines,</strong></span> <span class='ocrx_word' id='word_1_142' title='bbox 634 1304 877 1372; x_wconf 86' lang='lat' dir='ltr'><strong>dissimilitudines,</strong></span> 
     </span>
     <span class='ocr_line' id='line_1_20' title="bbox 95 1376 891 1461; baseline 0.021 -29"><span class='ocrx_word' id='word_1_143' title='bbox 95 1376 233 1435; x_wconf 86' lang='lat' dir='ltr'><strong>societates</strong></span> <span class='ocrx_word' id='word_1_144' title='bbox 255 1384 473 1453; x_wconf 89' lang='lat' dir='ltr'><strong>contrariorum,</strong></span> <span class='ocrx_word' id='word_1_145' title='bbox 504 1389 691 1448; x_wconf 85' lang='lat' dir='ltr'><strong>distinctiones</strong></span> <span class='ocrx_word' id='word_1_146' title='bbox 719 1394 855 1449; x_wconf 90' lang='lat' dir='ltr'><strong>unitorum</strong></span> <span class='ocrx_word' id='word_1_147' title='bbox 870 1387 891 1461; x_wconf 80' lang='grc'><strong>,’</strong></span> 
     </span>
     <span class='ocr_line' id='line_1_21' title="bbox 93 1471 879 1556; baseline 0.019 -31"><span class='ocrx_word' id='word_1_148' title='bbox 93 1471 274 1540; x_wconf 78' lang='lat' dir='ltr'><strong>prouidentiae</strong></span> <span class='ocrx_word' id='word_1_149' title='bbox 296 1478 486 1550; x_wconf 91' lang='lat' dir='ltr'><strong>superiorum,</strong></span> <span class='ocrx_word' id='word_1_150' title='bbox 511 1482 712 1541; x_wconf 76' lang='lat' dir='ltr'><strong>vicissitudines</strong></span> <span class='ocrx_word' id='word_1_151' title='bbox 742 1484 879 1556; x_wconf 88' lang='lat' dir='ltr'><strong>aequifor-</strong></span> 
     </span>
     <span class='ocr_line' id='line_1_22' title="bbox 93 1561 880 1644; baseline 0.018 -29"><span class='ocrx_word' id='word_1_152' title='bbox 93 1561 187 1629; x_wconf 89' lang='lat' dir='ltr'><strong>mium,</strong></span> <span class='ocrx_word' id='word_1_153' title='bbox 203 1565 390 1623; x_wconf 84' lang='lat' dir='ltr'><strong>conversiones</strong></span> <span class='ocrx_word' id='word_1_154' title='bbox 402 1569 570 1636; x_wconf 86' lang='lat' dir='ltr'><strong>interiorum,</strong></span> <span class='ocrx_word' id='word_1_155' title='bbox 587 1574 705 1629; x_wconf 91' lang='lat' dir='ltr'><strong>omnium</strong></span> <span class='ocrx_word' id='word_1_156' title='bbox 727 1574 880 1644; x_wconf 85' lang='lat' dir='ltr'><strong>semetipsis</strong></span> 
     </span>
     <span class='ocr_line' id='line_1_23' title="bbox 91 1657 880 1722; baseline 0.01 -10"><span class='ocrx_word' id='word_1_157' title='bbox 91 1657 266 1715; x_wconf 87' lang='lat' dir='ltr'><strong>custoditivae</strong></span> <span class='ocrx_word' id='word_1_158' title='bbox 291 1668 318 1715; x_wconf 88' lang='lat' dir='ltr'><strong>et</strong></span> <span class='ocrx_word' id='word_1_159' title='bbox 334 1661 514 1719; x_wconf 86' lang='lat' dir='ltr'><strong>immutabiles</strong></span> <span class='ocrx_word' id='word_1_160' title='bbox 529 1662 710 1722; x_wconf 85' lang='lat' dir='ltr'><strong>habitationes</strong></span> <span class='ocrx_word' id='word_1_161' title='bbox 724 1673 751 1721; x_wconf 94' lang='lat' dir='ltr'><strong>ct</strong></span> <span class='ocrx_word' id='word_1_162' title='bbox 765 1665 880 1721; x_wconf 90' lang='lat' dir='ltr'><strong>colloca·</strong></span> 
     </span>
     <span class='ocr_line' id='line_1_24' title="bbox 92 1749 880 1827; baseline 0.01 -24"><span class='ocrx_word' id='word_1_163' title='bbox 92 1749 195 1804; x_wconf 82' lang='lat' dir='ltr'><strong>tiones:</strong></span> <span class='ocrx_word' id='word_1_164' title='bbox 207 1757 234 1805; x_wconf 86' lang='lat' dir='ltr'><strong>et</strong></span> <span class='ocrx_word' id='word_1_165' title='bbox 248 1749 346 1806; x_wconf 79' lang='lat' dir='ltr'><strong>iterum</strong></span> <span class='ocrx_word' id='word_1_166' title='bbox 361 1752 481 1808; x_wconf 89' lang='lat' dir='ltr'><strong>omnium</strong></span> <span class='ocrx_word' id='word_1_167' title='bbox 498 1755 524 1809; x_wconf 91' lang='lat' dir='ltr'><strong>in</strong></span> <span class='ocrx_word' id='word_1_168' title='bbox 541 1756 667 1810; x_wconf 91' lang='lat' dir='ltr'><strong>omnibns</strong></span> <span class='ocrx_word' id='word_1_169' title='bbox 682 1757 807 1827; x_wconf 88' lang='lat' dir='ltr'><strong>propriae</strong></span> <span class='ocrx_word' id='word_1_170' title='bbox 821 1756 880 1811; x_wconf 90' lang='lat' dir='ltr'><strong>unl-</strong></span> 
     </span>
    </p>
   </div>
   <div class='ocr_carea' id='block_1_9' title="bbox 929 1207 1725 1825">
    <p class='ocr_par' dir='ltr' id='par_1_9' title="bbox 929 1207 1725 1825">
     <span class='ocr_line' id='line_1_25' title="bbox 929 1207 1719 1280; baseline 0.001 -18"><span class='ocrx_word' id='word_1_171' title='bbox 929 1208 1174 1263; x_wconf 80' lang='lat' dir='ltr'><strong>&#39;consummationes</strong></span> <span class='ocrx_word' id='word_1_172' title='bbox 1197 1207 1447 1273; x_wconf 85' lang='lat' dir='ltr'><strong>universalitatum,</strong></span> <span class='ocrx_word' id='word_1_173' title='bbox 1463 1209 1558 1278; x_wconf 87' lang='lat' dir='ltr'><strong>quale,</strong></span> <span class='ocrx_word' id='word_1_174' title='bbox 1577 1217 1719 1280; x_wconf 90' lang='lat' dir='ltr'><strong>quantum,</strong></span> 
     </span>
     <span class='ocr_line' id='line_1_26' title="bbox 929 1298 1720 1370; baseline 0.001 -17"><span class='ocrx_word' id='word_1_175' title='bbox 929 1307 1055 1363; x_wconf 78' lang='lat' dir='ltr'><strong>tanturm,</strong></span> <span class='ocrx_word' id='word_1_176' title='bbox 1082 1298 1222 1365; x_wconf 90' lang='lat' dir='ltr'><strong>multum,</strong></span> <span class='ocrx_word' id='word_1_177' title='bbox 1252 1301 1494 1370; x_wconf 87' lang='lat' dir='ltr'><strong>comparationes,</strong></span> <span class='ocrx_word' id='word_1_178' title='bbox 1523 1299 1720 1366; x_wconf 87' lang='lat' dir='ltr'><strong>discretiones,</strong></span> 
     </span>
     <span class='ocr_line' id='line_1_27' title="bbox 929 1386 1721 1456; baseline 0.003 -14"><span class='ocrx_word' id='word_1_179' title='bbox 929 1386 1018 1442; x_wconf 90' lang='lat' dir='ltr'><strong>omnis</strong></span> <span class='ocrx_word' id='word_1_180' title='bbox 1027 1386 1180 1454; x_wconf 90' lang='lat' dir='ltr'><strong>multitudo,</strong></span> <span class='ocrx_word' id='word_1_181' title='bbox 1193 1404 1273 1445; x_wconf 87' lang='lat' dir='ltr'><strong>omne</strong></span> <span class='ocrx_word' id='word_1_182' title='bbox 1283 1405 1429 1456; x_wconf 84' lang='lat' dir='ltr'><strong>summum,</strong></span> <span class='ocrx_word' id='word_1_183' title='bbox 1442 1390 1549 1446; x_wconf 90' lang='lat' dir='ltr'><strong>termini</strong></span> <span class='ocrx_word' id='word_1_184' title='bbox 1559 1405 1664 1456; x_wconf 92' lang='lat' dir='ltr'><strong>omnes,</strong></span> <span class='ocrx_word' id='word_1_185' title='bbox 1675 1405 1721 1446; x_wconf 89' lang='lat' dir='ltr'><strong>ot·-</strong></span> 
     </span>
     <span class='ocr_line' id='line_1_28' title="bbox 930 1475 1722 1548; baseline 0.006 -18"><span class='ocrx_word' id='word_1_186' title='bbox 930 1477 1017 1540; x_wconf 90' lang='lat' dir='ltr'><strong>dincs,</strong></span> <span class='ocrx_word' id='word_1_187' title='bbox 1025 1475 1198 1542; x_wconf 87' lang='lat' dir='ltr'><strong>eminentiae,</strong></span> <span class='ocrx_word' id='word_1_188' title='bbox 1209 1477 1352 1545; x_wconf 87' lang='lat' dir='ltr'><strong>elementa,</strong></span> <span class='ocrx_word' id='word_1_189' title='bbox 1364 1477 1479 1548; x_wconf 89' lang='lat' dir='ltr'><strong>formae,</strong></span> <span class='ocrx_word' id='word_1_190' title='bbox 1493 1477 1583 1535; x_wconf 91' lang='lat' dir='ltr'><strong>omnis</strong></span> <span class='ocrx_word' id='word_1_191' title='bbox 1592 1480 1722 1546; x_wconf 87' lang='lat' dir='ltr'><strong>essentia,</strong></span> 
     </span>
     <span class='ocr_line' id='line_1_29' title="bbox 929 1568 1724 1640; baseline 0.01 -20"><span class='ocrx_word' id='word_1_192' title='bbox 929 1568 1018 1622; x_wconf 93' lang='lat' dir='ltr'><strong>omnis</strong></span> <span class='ocrx_word' id='word_1_193' title='bbox 1034 1568 1130 1634; x_wconf 91' lang='lat' dir='ltr'><strong>virtus,</strong></span> <span class='ocrx_word' id='word_1_194' title='bbox 1148 1568 1237 1624; x_wconf 81' lang='lat' dir='ltr'><strong>ornatis</strong></span> <span class='ocrx_word' id='word_1_195' title='bbox 1253 1569 1384 1640; x_wconf 81' lang='lat' dir='ltr'><strong>operatio,</strong></span> <span class='ocrx_word' id='word_1_196' title='bbox 1398 1570 1487 1626; x_wconf 91' lang='lat' dir='ltr'><strong>omnis</strong></span> <span class='ocrx_word' id='word_1_197' title='bbox 1502 1572 1622 1634; x_wconf 89' lang='lat' dir='ltr'><strong>babitus,</strong></span> <span class='ocrx_word' id='word_1_198' title='bbox 1634 1569 1724 1628; x_wconf 77' lang='lat' dir='ltr'><strong>orariis</strong></span> 
     </span>
     <span class='ocr_line' id='line_1_30' title="bbox 930 1644 1724 1736; baseline 0.005 -22"><span class='ocrx_word' id='word_1_199' title='bbox 930 1644 1724 1736; x_wconf 84' lang='lat' dir='ltr'><strong>sensns,omnisratio,omnisintcllectus,omulsillnntina·</strong></span> 
     </span>
     <span class='ocr_line' id='line_1_31' title="bbox 930 1749 1725 1825; baseline 0.01 -22"><span class='ocrx_word' id='word_1_200' title='bbox 930 1749 978 1813; x_wconf 90' lang='lat' dir='ltr'><strong>tio,</strong></span> <span class='ocrx_word' id='word_1_201' title='bbox 987 1749 1075 1805; x_wconf 83' lang='lat' dir='ltr'><strong>onntnis</strong></span> <span class='ocrx_word' id='word_1_202' title='bbox 1087 1751 1211 1818; x_wconf 89' lang='lat' dir='ltr'><strong>scientia,</strong></span> <span class='ocrx_word' id='word_1_203' title='bbox 1220 1753 1308 1812; x_wconf 91' lang='lat' dir='ltr'><strong>omnis</strong></span> <span class='ocrx_word' id='word_1_204' title='bbox 1318 1753 1425 1819; x_wconf 90' lang='lat' dir='ltr'><strong>unitas,</strong></span> <span class='ocrx_word' id='word_1_205' title='bbox 1438 1763 1465 1809; x_wconf 88' lang='lat' dir='ltr'><strong>et</strong></span> <span class='ocrx_word' id='word_1_206' title='bbox 1476 1753 1725 1825; x_wconf 82' lang='lat' dir='ltr'><strong>sirnplieiteromne</strong></span> 
     </span>
    </p>
   </div>
   <div class='ocr_carea' id='block_1_10' title="bbox 43 1837 1729 5492">
    <p class='ocr_par' dir='ltr' id='par_1_10' title="bbox 43 1837 1729 5492">
     <span class='ocr_line' id='line_1_32' title="bbox 89 1837 1724 1916; baseline 0.004 -19"><span class='ocrx_word' id='word_1_207' title='bbox 89 1842 186 1914; x_wconf 89' lang='lat' dir='ltr'><strong>cuique</strong></span> <span class='ocrx_word' id='word_1_208' title='bbox 198 1843 352 1910; x_wconf 89' lang='lat' dir='ltr'><strong>societates,</strong></span> <span class='ocrx_word' id='word_1_209' title='bbox 362 1853 391 1898; x_wconf 91' lang='lat' dir='ltr'><strong>et</strong></span> <span class='ocrx_word' id='word_1_210' title='bbox 406 1846 665 1916; x_wconf 73' lang='lat' dir='ltr'><strong>compaginationes,</strong></span> <span class='ocrx_word' id='word_1_211' title='bbox 682 1855 708 1901; x_wconf 90' lang='lat' dir='ltr'><strong>et</strong></span> <span class='ocrx_word' id='word_1_212' title='bbox 722 1845 877 1902; x_wconf 76' lang='lat' dir='ltr'><strong>inconfusae</strong></span> <span class='ocrx_word' id='word_1_213' title='bbox 892 1837 915 1904; x_wconf 82' lang='lat' dir='ltr'>B</span> <span class='ocrx_word' id='word_1_214' title='bbox 929 1838 999 1896; x_wconf 78' lang='lat' dir='ltr'><strong>faex</strong></span> <span class='ocrx_word' id='word_1_215' title='bbox 1014 1843 1086 1898; x_wconf 83' lang='lat' dir='ltr'><strong>bono</strong></span> <span class='ocrx_word' id='word_1_216' title='bbox 1099 1850 1126 1898; x_wconf 86' lang='lat' dir='ltr'><strong>et</strong></span> <span class='ocrx_word' id='word_1_217' title='bbox 1138 1844 1252 1914; x_wconf 90' lang='lat' dir='ltr'><strong>optimo,</strong></span> <span class='ocrx_word' id='word_1_218' title='bbox 1267 1851 1295 1899; x_wconf 88' lang='lat' dir='ltr'><strong>et</strong></span> <span class='ocrx_word' id='word_1_219' title='bbox 1318 1844 1344 1899; x_wconf 94' lang='lat' dir='ltr'><strong>in</strong></span> <span class='ocrx_word' id='word_1_220' title='bbox 1357 1843 1429 1901; x_wconf 93' lang='lat' dir='ltr'><strong>bono</strong></span> <span class='ocrx_word' id='word_1_221' title='bbox 1440 1854 1467 1900; x_wconf 91' lang='lat' dir='ltr'><strong>et</strong></span> <span class='ocrx_word' id='word_1_222' title='bbox 1478 1845 1581 1916; x_wconf 91' lang='lat' dir='ltr'><strong>optimo</strong></span> <span class='ocrx_word' id='word_1_223' title='bbox 1591 1851 1642 1911; x_wconf 86' lang='lat' dir='ltr'><strong>est,</strong></span> <span class='ocrx_word' id='word_1_224' title='bbox 1655 1854 1683 1901; x_wconf 85' lang='lat' dir='ltr'><strong>et</strong></span> <span class='ocrx_word' id='word_1_225' title='bbox 1695 1845 1724 1901; x_wconf 87' lang='lat' dir='ltr'><strong>in</strong></span> 
     </span>
     <span class='ocr_line' id='line_1_33' title="bbox 88 1933 1723 2009; baseline 0.003 -21"><span class='ocrx_word' id='word_1_226' title='bbox 88 1933 233 2000; x_wconf 87' lang='lat' dir='ltr'><strong>amicitiae,</strong></span> <span class='ocrx_word' id='word_1_227' title='bbox 248 1943 275 1990; x_wconf 89' lang='lat' dir='ltr'><strong>et</strong></span> <span class='ocrx_word' id='word_1_228' title='bbox 290 1935 447 1991; x_wconf 89' lang='lat' dir='ltr'><strong>barmoniae</strong></span> <span class='ocrx_word' id='word_1_229' title='bbox 471 1937 675 2002; x_wconf 87' lang='lat' dir='ltr'><strong>trnivcrsitatis,</strong></span> <span class='ocrx_word' id='word_1_230' title='bbox 702 1938 729 1992; x_wconf 90' lang='lat' dir='ltr'><strong>in</strong></span> <span class='ocrx_word' id='word_1_231' title='bbox 752 1938 878 1995; x_wconf 85' lang='lat' dir='ltr'><strong>universo</strong></span> <span class='ocrx_word' id='word_1_232' title='bbox 929 1935 1029 1992; x_wconf 89' lang='lat' dir='ltr'><strong>bonnm</strong></span> <span class='ocrx_word' id='word_1_233' title='bbox 1051 1947 1079 1994; x_wconf 93' lang='lat' dir='ltr'><strong>et</strong></span> <span class='ocrx_word' id='word_1_234' title='bbox 1096 1939 1228 2009; x_wconf 90' lang='lat' dir='ltr'><strong>optitnmn</strong></span> <span class='ocrx_word' id='word_1_235' title='bbox 1253 1939 1431 1995; x_wconf 88' lang='lat' dir='ltr'><strong>convertitur.</strong></span> <span class='ocrx_word' id='word_1_236' title='bbox 1460 1940 1494 1994; x_wconf 76' lang='lat' dir='ltr'><strong>Et</strong></span> <span class='ocrx_word' id='word_1_237' title='bbox 1514 1939 1613 2003; x_wconf 85' lang='lat' dir='ltr'><strong>ornain,</strong></span> <span class='ocrx_word' id='word_1_238' title='bbox 1638 1954 1723 2009; x_wconf 87' lang='lat' dir='ltr'><strong>qnae·</strong></span> 
     </span>
     <span class='ocr_line' id='line_1_34' title="bbox 86 2025 1723 2101; baseline 0.004 -22"><span class='ocrx_word' id='word_1_239' title='bbox 86 2025 284 2091; x_wconf 89' lang='lat' dir='ltr'><strong>concretiones,</strong></span> <span class='ocrx_word' id='word_1_240' title='bbox 309 2025 465 2082; x_wconf 88' lang='lat' dir='ltr'><strong>insolubiles</strong></span> <span class='ocrx_word' id='word_1_241' title='bbox 500 2030 682 2084; x_wconf 89' lang='lat' dir='ltr'><strong>continentiae</strong></span> <span class='ocrx_word' id='word_1_242' title='bbox 704 2028 878 2084; x_wconf 87' lang='lat' dir='ltr'><strong>existentiam</strong></span> <span class='ocrx_word' id='word_1_243' title='bbox 929 2045 1035 2101; x_wconf 90' lang='lat' dir='ltr'><strong>cunque</strong></span> <span class='ocrx_word' id='word_1_244' title='bbox 1049 2039 1110 2086; x_wconf 91' lang='lat' dir='ltr'><strong>snut</strong></span> <span class='ocrx_word' id='word_1_245' title='bbox 1126 2040 1153 2085; x_wconf 90' lang='lat' dir='ltr'><strong>et</strong></span> <span class='ocrx_word' id='word_1_246' title='bbox 1178 2031 1255 2097; x_wconf 85' lang='lat' dir='ltr'><strong>llum,</strong></span> <span class='ocrx_word' id='word_1_247' title='bbox 1271 2032 1434 2101; x_wconf 87' lang='lat' dir='ltr'><strong>perbonam</strong></span> <span class='ocrx_word' id='word_1_248' title='bbox 1459 2040 1488 2086; x_wconf 89' lang='lat' dir='ltr'><strong>et</strong></span> <span class='ocrx_word' id='word_1_249' title='bbox 1512 2030 1643 2101; x_wconf 91' lang='lat' dir='ltr'><strong>optimum</strong></span> <span class='ocrx_word' id='word_1_250' title='bbox 1660 2037 1723 2087; x_wconf 86' lang='lat' dir='ltr'><strong>sunt</strong></span> 
     </span>
     <span class='ocr_line' id='line_1_35' title="bbox 85 2115 1724 2193; baseline 0.005 -25"><span class='ocrx_word' id='word_1_251' title='bbox 85 2129 145 2170; x_wconf 90' lang='lat' dir='ltr'><strong>non</strong></span> <span class='ocrx_word' id='word_1_252' title='bbox 171 2115 327 2172; x_wconf 78' lang='lat' dir='ltr'><strong>deficientes</strong></span> <span class='ocrx_word' id='word_1_253' title='bbox 359 2120 546 2191; x_wconf 85' lang='lat' dir='ltr'><strong>susceptiones</strong></span> <span class='ocrx_word' id='word_1_254' title='bbox 569 2120 771 2186; x_wconf 89' lang='lat' dir='ltr'><strong>faciendorum,</strong></span> <span class='ocrx_word' id='word_1_255' title='bbox 791 2127 879 2175; x_wconf 87' lang='lat' dir='ltr'><strong>status</strong></span> <span class='ocrx_word' id='word_1_256' title='bbox 914 2129 956 2176; x_wconf 80' lang='lat' dir='ltr'><strong>et</strong></span> <span class='ocrx_word' id='word_1_257' title='bbox 969 2120 1046 2184; x_wconf 86' lang='lat' dir='ltr'><strong>finnt,</strong></span> <span class='ocrx_word' id='word_1_258' title='bbox 1065 2133 1092 2176; x_wconf 90' lang='lat' dir='ltr'><strong>ct</strong></span> <span class='ocrx_word' id='word_1_259' title='bbox 1107 2121 1141 2176; x_wconf 88' lang='lat' dir='ltr'><strong>ad</strong></span> <span class='ocrx_word' id='word_1_260' title='bbox 1155 2122 1206 2177; x_wconf 91' lang='lat' dir='ltr'><strong>boc</strong></span> <span class='ocrx_word' id='word_1_261' title='bbox 1217 2121 1308 2178; x_wconf 88' lang='lat' dir='ltr'><strong>omnia</strong></span> <span class='ocrx_word' id='word_1_262' title='bbox 1326 2123 1411 2189; x_wconf 89' lang='lat' dir='ltr'><strong>videt,</strong></span> <span class='ocrx_word' id='word_1_263' title='bbox 1422 2131 1450 2178; x_wconf 89' lang='lat' dir='ltr'><strong>et</strong></span> <span class='ocrx_word' id='word_1_264' title='bbox 1460 2121 1494 2177; x_wconf 93' lang='lat' dir='ltr'><strong>ab</strong></span> <span class='ocrx_word' id='word_1_265' title='bbox 1507 2123 1566 2193; x_wconf 91' lang='lat' dir='ltr'><strong>ipso</strong></span> <span class='ocrx_word' id='word_1_266' title='bbox 1581 2129 1724 2177; x_wconf 92' lang='lat' dir='ltr'><strong>moventur</strong></span> 
     </span>
     <span class='ocr_line' id='line_1_36' title="bbox 83 2209 1723 2286; baseline 0.004 -26"><span class='ocrx_word' id='word_1_267' title='bbox 83 2221 182 2262; x_wconf 87' lang='lat' dir='ltr'><strong>omnes</strong></span> <span class='ocrx_word' id='word_1_268' title='bbox 193 2216 220 2262; x_wconf 91' lang='lat' dir='ltr'><strong>et</strong></span> <span class='ocrx_word' id='word_1_269' title='bbox 232 2217 319 2264; x_wconf 89' lang='lat' dir='ltr'><strong>motus</strong></span> <span class='ocrx_word' id='word_1_270' title='bbox 332 2227 339 2262; x_wconf 79' lang='grc' dir='ltr'>ι</span> <span class='ocrx_word' id='word_1_271' title='bbox 353 2209 398 2265; x_wconf 89' lang='lat' dir='ltr'><strong>atii</strong></span> <span class='ocrx_word' id='word_1_272' title='bbox 413 2210 642 2277; x_wconf 87' lang='lat' dir='ltr'><strong>intellectualium,</strong></span> <span class='ocrx_word' id='word_1_273' title='bbox 657 2211 702 2267; x_wconf 88' lang='lat' dir='ltr'><strong>alii</strong></span> <span class='ocrx_word' id='word_1_274' title='bbox 714 2212 877 2278; x_wconf 91' lang='lat' dir='ltr'><strong>animarum,</strong></span> <span class='ocrx_word' id='word_1_275' title='bbox 928 2221 957 2268; x_wconf 91' lang='lat' dir='ltr'><strong>et</strong></span> <span class='ocrx_word' id='word_1_276' title='bbox 968 2213 1154 2278; x_wconf 89' lang='lat' dir='ltr'><strong>continentur,</strong></span> <span class='ocrx_word' id='word_1_277' title='bbox 1166 2221 1193 2269; x_wconf 91' lang='lat' dir='ltr'><strong>et</strong></span> <span class='ocrx_word' id='word_1_278' title='bbox 1206 2222 1317 2285; x_wconf 89' lang='lat' dir='ltr'><strong>propter</strong></span> <span class='ocrx_word' id='word_1_279' title='bbox 1334 2213 1430 2286; x_wconf 90' lang='lat' dir='ltr'><strong>ipsum,</strong></span> <span class='ocrx_word' id='word_1_280' title='bbox 1446 2226 1474 2270; x_wconf 87' lang='lat' dir='ltr'><strong>et</strong></span> <span class='ocrx_word' id='word_1_281' title='bbox 1484 2229 1533 2284; x_wconf 91' lang='lat' dir='ltr'><strong>per</strong></span> <span class='ocrx_word' id='word_1_282' title='bbox 1544 2213 1642 2285; x_wconf 87' lang='lat' dir='ltr'><strong>ipsunt,</strong></span> <span class='ocrx_word' id='word_1_283' title='bbox 1657 2220 1685 2267; x_wconf 93' lang='lat' dir='ltr'><strong>et</strong></span> <span class='ocrx_word' id='word_1_284' title='bbox 1696 2212 1723 2267; x_wconf 85' lang='lat' dir='ltr'><strong>itt</strong></span> 
     </span>
     <span class='ocr_line' id='line_1_37' title="bbox 84 2294 1724 2375; baseline 0.005 -27"><span class='ocrx_word' id='word_1_285' title='bbox 84 2294 133 2349; x_wconf 91' lang='lat' dir='ltr'><strong>alii</strong></span> <span class='ocrx_word' id='word_1_286' title='bbox 149 2310 300 2367; x_wconf 91' lang='lat' dir='ltr'><strong>corporum.</strong></span> <span class='ocrx_word' id='word_1_287' title='bbox 326 2297 419 2355; x_wconf 82' lang='lat' dir='ltr'><strong>status</strong></span> <span class='ocrx_word' id='word_1_288' title='bbox 441 2302 513 2356; x_wconf 88' lang='lat' dir='ltr'><strong>eninr</strong></span> <span class='ocrx_word' id='word_1_289' title='bbox 539 2301 719 2357; x_wconf 89' lang='lat' dir='ltr'><strong>estomuibus</strong></span> <span class='ocrx_word' id='word_1_290' title='bbox 733 2310 760 2357; x_wconf 91' lang='lat' dir='ltr'><strong>et</strong></span> <span class='ocrx_word' id='word_1_291' title='bbox 775 2311 877 2367; x_wconf 85' lang='lat' dir='ltr'><strong>motus,¹</strong></span> <span class='ocrx_word' id='word_1_292' title='bbox 930 2304 988 2374; x_wconf 91' lang='lat' dir='ltr'><strong>ipso</strong></span> <span class='ocrx_word' id='word_1_293' title='bbox 1009 2319 1090 2359; x_wconf 88' lang='lat' dir='ltr'><strong>omne</strong></span> <span class='ocrx_word' id='word_1_294' title='bbox 1117 2303 1280 2374; x_wconf 88' lang='lat' dir='ltr'><strong>principium</strong></span> <span class='ocrx_word' id='word_1_295' title='bbox 1305 2303 1528 2375; x_wconf 82' lang='lat' dir='ltr'><strong>exemplativum,</strong></span> <span class='ocrx_word' id='word_1_296' title='bbox 1552 2317 1724 2361; x_wconf 88' lang='lat' dir='ltr'><strong>consumma·</strong></span> 
     </span>
     <span class='ocr_line' id='line_1_38' title="bbox 86 2392 1726 2465; baseline 0.002 -21"><span class='ocrx_word' id='word_1_297' title='bbox 86 2405 172 2461; x_wconf 91' lang='lat' dir='ltr'><strong>snper</strong></span> <span class='ocrx_word' id='word_1_298' title='bbox 185 2407 293 2447; x_wconf 88' lang='lat' dir='ltr'><strong>omnem</strong></span> <span class='ocrx_word' id='word_1_299' title='bbox 307 2401 408 2449; x_wconf 89' lang='lat' dir='ltr'><strong>statum</strong></span> <span class='ocrx_word' id='word_1_300' title='bbox 432 2405 460 2451; x_wconf 92' lang='lat' dir='ltr'><strong>et</strong></span> <span class='ocrx_word' id='word_1_301' title='bbox 477 2411 583 2451; x_wconf 91' lang='lat' dir='ltr'><strong>omnem</strong></span> <span class='ocrx_word' id='word_1_302' title='bbox 609 2404 710 2451; x_wconf 91' lang='lat' dir='ltr'><strong>motum</strong></span> <span class='ocrx_word' id='word_1_303' title='bbox 743 2395 878 2451; x_wconf 89' lang='lat' dir='ltr'><strong>collocans</strong></span> <span class='ocrx_word' id='word_1_304' title='bbox 929 2395 1023 2458; x_wconf 88' lang='lat' dir='ltr'><strong>tivum,</strong></span> <span class='ocrx_word' id='word_1_305' title='bbox 1049 2394 1241 2460; x_wconf 89' lang='lat' dir='ltr'><strong>intellectuale,</strong></span> <span class='ocrx_word' id='word_1_306' title='bbox 1259 2393 1387 2465; x_wconf 88' lang='lat' dir='ltr'><strong>speciale,</strong></span> <span class='ocrx_word' id='word_1_307' title='bbox 1405 2394 1527 2460; x_wconf 88' lang='lat' dir='ltr'><strong>formale,</strong></span> <span class='ocrx_word' id='word_1_308' title='bbox 1543 2404 1570 2451; x_wconf 90' lang='lat' dir='ltr'><strong>et</strong></span> <span class='ocrx_word' id='word_1_309' title='bbox 1596 2392 1726 2464; x_wconf 81' lang='lat' dir='ltr'><strong>simplici·</strong></span> 
     </span>
     <span class='ocr_line' id='line_1_39' title="bbox 82 2483 1724 2557; baseline 0.004 -21"><span class='ocrx_word' id='word_1_310' title='bbox 82 2483 298 2553; x_wconf 83' lang='lat' dir='ltr'><strong>naturaquodque</strong></span> <span class='ocrx_word' id='word_1_311' title='bbox 315 2484 342 2538; x_wconf 93' lang='lat' dir='ltr'><strong>in</strong></span> <span class='ocrx_word' id='word_1_312' title='bbox 356 2485 455 2540; x_wconf 87' lang='lat' dir='ltr'><strong>saintet</strong></span> <span class='ocrx_word' id='word_1_313' title='bbox 479 2487 593 2552; x_wconf 88' lang='lat' dir='ltr'><strong>ratione,</strong></span> <span class='ocrx_word' id='word_1_314' title='bbox 611 2497 638 2541; x_wconf 91' lang='lat' dir='ltr'><strong>et</strong></span> <span class='ocrx_word' id='word_1_315' title='bbox 651 2502 763 2542; x_wconf 90' lang='lat' dir='ltr'><strong>movens</strong></span> <span class='ocrx_word' id='word_1_316' title='bbox 776 2486 802 2541; x_wconf 94' lang='lat' dir='ltr'><strong>in</strong></span> <span class='ocrx_word' id='word_1_317' title='bbox 817 2501 878 2556; x_wconf 92' lang='lat' dir='ltr'><strong>pro·</strong></span> <span class='ocrx_word' id='word_1_318' title='bbox 930 2495 972 2540; x_wconf 90' lang='lat' dir='ltr'><strong>ter</strong></span> <span class='ocrx_word' id='word_1_319' title='bbox 993 2501 1075 2541; x_wconf 89' lang='lat' dir='ltr'><strong>omne</strong></span> <span class='ocrx_word' id='word_1_320' title='bbox 1099 2486 1283 2557; x_wconf 91' lang='lat' dir='ltr'><strong>principium,</strong></span> <span class='ocrx_word' id='word_1_321' title='bbox 1310 2487 1399 2544; x_wconf 92' lang='lat' dir='ltr'><strong>omnis</strong></span> <span class='ocrx_word' id='word_1_322' title='bbox 1430 2487 1617 2552; x_wconf 88' lang='lat' dir='ltr'><strong>continentia,</strong></span> <span class='ocrx_word' id='word_1_323' title='bbox 1643 2500 1724 2542; x_wconf 89' lang='lat' dir='ltr'><strong>omne</strong></span> 
     </span>
     <span class='ocr_line' id='line_1_40' title="bbox 79 2575 1725 2650; baseline 0.002 -21"><span class='ocrx_word' id='word_1_324' title='bbox 79 2576 176 2647; x_wconf 87' lang='lat' dir='ltr'><strong>prium</strong></span> <span class='ocrx_word' id='word_1_325' title='bbox 191 2585 303 2632; x_wconf 87' lang='lat' dir='ltr'><strong>motum.</strong></span> <span class='ocrx_word' id='word_1_326' title='bbox 329 2575 363 2632; x_wconf 85' lang='lat' dir='ltr'><strong>Et</strong></span> <span class='ocrx_word' id='word_1_327' title='bbox 382 2579 483 2634; x_wconf 83' lang='lat' dir='ltr'><strong>moveri</strong></span> <span class='ocrx_word' id='word_1_328' title='bbox 511 2580 619 2650; x_wconf 89' lang='lat' dir='ltr'><strong>quidem</strong></span> <span class='ocrx_word' id='word_1_329' title='bbox 645 2579 728 2635; x_wconf 78' lang='lat' dir='ltr'><strong>diuini</strong></span> <span class='ocrx_word' id='word_1_330' title='bbox 752 2579 879 2635; x_wconf 88' lang='lat' dir='ltr'><strong>dicuntur</strong></span> <span class='ocrx_word' id='word_1_331' title='bbox 930 2585 1084 2633; x_wconf 89' lang='lat' dir='ltr'><strong>sunrmum:</strong></span> <span class='ocrx_word' id='word_1_332' title='bbox 1109 2586 1166 2641; x_wconf 90' lang='lat' dir='ltr'><strong>aut,</strong></span> <span class='ocrx_word' id='word_1_333' title='bbox 1191 2590 1221 2633; x_wconf 89' lang='lat' dir='ltr'><strong>nt</strong></span> <span class='ocrx_word' id='word_1_334' title='bbox 1249 2578 1482 2650; x_wconf 82' lang='lat' dir='ltr'><strong>comprehendens</strong></span> <span class='ocrx_word' id='word_1_335' title='bbox 1507 2579 1595 2634; x_wconf 90' lang='lat' dir='ltr'><strong>dicam</strong></span> <span class='ocrx_word' id='word_1_336' title='bbox 1611 2596 1617 2631; x_wconf 78' lang='lat' dir='ltr'>z</span> <span class='ocrx_word' id='word_1_337' title='bbox 1633 2577 1725 2633; x_wconf 83' lang='lat' dir='ltr'><strong>omnia</strong></span> 
     </span>
     <span class='ocr_line' id='line_1_41' title="bbox 84 2667 1726 2742; baseline 0.001 -22"><span class='ocrx_word' id='word_1_338' title='bbox 84 2667 173 2722; x_wconf 83' lang='lat' dir='ltr'><strong>antimi</strong></span> <span class='ocrx_word' id='word_1_339' title='bbox 196 2682 204 2722; x_wconf 82' lang='lat' dir='ltr'><strong>a</strong></span> <span class='ocrx_word' id='word_1_340' title='bbox 229 2667 398 2724; x_wconf 87' lang='lat' dir='ltr'><strong>circulariter</strong></span> <span class='ocrx_word' id='word_1_341' title='bbox 438 2671 565 2741; x_wconf 69' lang='lat' dir='ltr'><strong>pridem,</strong></span> <span class='ocrx_word' id='word_1_342' title='bbox 593 2671 659 2727; x_wconf 89' lang='lat' dir='ltr'><strong>uniti</strong></span> <span class='ocrx_word' id='word_1_343' title='bbox 690 2687 742 2726; x_wconf 90' lang='lat' dir='ltr'><strong>non</strong></span> <span class='ocrx_word' id='word_1_344' title='bbox 782 2672 878 2726; x_wconf 90' lang='lat' dir='ltr'><strong>incbo-</strong></span> <span class='ocrx_word' id='word_1_345' title='bbox 929 2678 1131 2738; x_wconf 84' lang='lat' dir='ltr'><strong>qnaosttnt,ex</strong></span> <span class='ocrx_word' id='word_1_346' title='bbox 1153 2669 1223 2725; x_wconf 92' lang='lat' dir='ltr'><strong>bono</strong></span> <span class='ocrx_word' id='word_1_347' title='bbox 1246 2679 1271 2725; x_wconf 91' lang='lat' dir='ltr'><strong>et</strong></span> <span class='ocrx_word' id='word_1_348' title='bbox 1296 2671 1564 2742; x_wconf 88' lang='lat' dir='ltr'><strong>optimo,etomnia,</strong></span> <span class='ocrx_word' id='word_1_349' title='bbox 1585 2681 1726 2740; x_wconf 90' lang='lat' dir='ltr'><strong>quaenon</strong></span> 
     </span>
     <span class='ocr_line' id='line_1_42' title="bbox 82 2760 1726 2834; baseline 0.003 -20"><span class='ocrx_word' id='word_1_350' title='bbox 82 2760 199 2816; x_wconf 88' lang='lat' dir='ltr'><strong>antibus</strong></span> <span class='ocrx_word' id='word_1_351' title='bbox 228 2770 255 2817; x_wconf 91' lang='lat' dir='ltr'><strong>et</strong></span> <span class='ocrx_word' id='word_1_352' title='bbox 285 2776 337 2816; x_wconf 91' lang='lat' dir='ltr'><strong>non</strong></span> <span class='ocrx_word' id='word_1_353' title='bbox 364 2763 516 2819; x_wconf 89' lang='lat' dir='ltr'><strong>terminatis</strong></span> <span class='ocrx_word' id='word_1_354' title='bbox 538 2762 777 2819; x_wconf 86' lang='lat' dir='ltr'><strong>illuminationibus</strong></span> <span class='ocrx_word' id='word_1_355' title='bbox 815 2763 879 2820; x_wconf 92' lang='lat' dir='ltr'><strong>boul</strong></span> <span class='ocrx_word' id='word_1_356' title='bbox 930 2771 1002 2824; x_wconf 83' lang='lat' dir='ltr'><strong>sont,</strong></span> <span class='ocrx_word' id='word_1_357' title='bbox 1026 2764 1288 2832; x_wconf 82' lang='lat' dir='ltr'><strong>superessentialiter</strong></span> <span class='ocrx_word' id='word_1_358' title='bbox 1308 2763 1335 2819; x_wconf 94' lang='lat' dir='ltr'><strong>in</strong></span> <span class='ocrx_word' id='word_1_359' title='bbox 1357 2765 1427 2820; x_wconf 91' lang='lat' dir='ltr'><strong>bono</strong></span> <span class='ocrx_word' id='word_1_360' title='bbox 1452 2774 1480 2820; x_wconf 89' lang='lat' dir='ltr'><strong>et</strong></span> <span class='ocrx_word' id='word_1_361' title='bbox 1503 2761 1726 2834; x_wconf 77' lang='lat' dir='ltr'><strong>optintotetesl</strong></span> 
     </span>
     <span class='ocr_line' id='line_1_43' title="bbox 81 2849 1726 2925; baseline 0.001 -22"><span class='ocrx_word' id='word_1_362' title='bbox 81 2860 111 2904; x_wconf 87' lang='lat' dir='ltr'><strong>et</strong></span> <span class='ocrx_word' id='word_1_363' title='bbox 129 2851 225 2921; x_wconf 89' lang='lat' dir='ltr'><strong>optimi</strong></span> <span class='ocrx_word' id='word_1_364' title='bbox 242 2849 385 2907; x_wconf 84' lang='lat' dir='ltr'><strong>:directim</strong></span> <span class='ocrx_word' id='word_1_365' title='bbox 400 2867 473 2916; x_wconf 87' lang='lat' dir='ltr'><strong>vero,</strong></span> <span class='ocrx_word' id='word_1_366' title='bbox 492 2854 706 2923; x_wconf 83' lang='lat' dir='ltr'><strong>quandocunque</strong></span> <span class='ocrx_word' id='word_1_367' title='bbox 718 2854 879 2924; x_wconf 87' lang='lat' dir='ltr'><strong>proveniunt</strong></span> <span class='ocrx_word' id='word_1_368' title='bbox 929 2849 1049 2903; x_wconf 90' lang='lat' dir='ltr'><strong>omnium</strong></span> <span class='ocrx_word' id='word_1_369' title='bbox 1059 2852 1220 2923; x_wconf 88' lang='lat' dir='ltr'><strong>principium</strong></span> <span class='ocrx_word' id='word_1_370' title='bbox 1232 2862 1260 2909; x_wconf 91' lang='lat' dir='ltr'><strong>et</strong></span> <span class='ocrx_word' id='word_1_371' title='bbox 1272 2853 1332 2908; x_wconf 90' lang='lat' dir='ltr'><strong>linis</strong></span> <span class='ocrx_word' id='word_1_372' title='bbox 1351 2854 1583 2925; x_wconf 85' lang='lat' dir='ltr'><strong>superprincipale</strong></span> <span class='ocrx_word' id='word_1_373' title='bbox 1594 2857 1726 2921; x_wconf 72' lang='lat' dir='ltr'><strong>ctsnpca</strong></span> 
     </span>
     <span class='ocr_line' id='line_1_44' title="bbox 80 2942 1726 3017; baseline 0.001 -22"><span class='ocrx_word' id='word_1_374' title='bbox 80 2943 111 2996; x_wconf 85' lang='lat' dir='ltr'><strong>ir.</strong></span> <span class='ocrx_word' id='word_1_375' title='bbox 137 2942 551 3016; x_wconf 80' lang='lat' dir='ltr'><strong>subiectorumprovidentiam,</strong></span> <span class='ocrx_word' id='word_1_376' title='bbox 575 2953 649 3000; x_wconf 91' lang='lat' dir='ltr'><strong>recta</strong></span> <span class='ocrx_word' id='word_1_377' title='bbox 672 2945 762 3002; x_wconf 90' lang='lat' dir='ltr'><strong>omnia</strong></span> <span class='ocrx_word' id='word_1_378' title='bbox 784 2945 878 3001; x_wconf 89' lang='lat' dir='ltr'><strong>termi·</strong></span> <span class='ocrx_word' id='word_1_379' title='bbox 932 2942 1020 3007; x_wconf 85' lang='lat' dir='ltr'><strong>llnnlr,</strong></span> <span class='ocrx_word' id='word_1_380' title='bbox 1043 2945 1106 3013; x_wconf 88' lang='lat' dir='ltr'><strong>quia</strong></span> <span class='ocrx_word' id='word_1_381' title='bbox 1134 2962 1166 3000; x_wconf 80' lang='lat' dir='ltr'><strong>cn</strong></span> <span class='ocrx_word' id='word_1_382' title='bbox 1191 2946 1258 3017; x_wconf 84' lang='lat' dir='ltr'><strong>ipso,</strong></span> <span class='ocrx_word' id='word_1_383' title='bbox 1287 2956 1311 3001; x_wconf 87' lang='lat' dir='ltr'><strong>et</strong></span> <span class='ocrx_word' id='word_1_384' title='bbox 1333 2946 1571 3016; x_wconf 61' lang='lat' dir='ltr'><strong>peripateticam</strong></span> <span class='ocrx_word' id='word_1_385' title='bbox 1593 2945 1726 3015; x_wconf 83' lang='lat' dir='ltr'><strong>ipsoctirt</strong></span> 
     </span>
     <span class='ocr_line' id='line_1_45' title="bbox 80 3034 1727 3107; baseline -0.003 -16"><span class='ocrx_word' id='word_1_386' title='bbox 80 3043 187 3091; x_wconf 82' lang='lat' dir='ltr'><strong>marries</strong></span> <span class='ocrx_word' id='word_1_387' title='bbox 201 3050 209 3090; x_wconf 80' lang='lat' dir='ltr'><strong>r</strong></span> <span class='ocrx_word' id='word_1_388' title='bbox 223 3037 347 3107; x_wconf 90' lang='lat' dir='ltr'><strong>oblique,</strong></span> <span class='ocrx_word' id='word_1_389' title='bbox 371 3036 435 3107; x_wconf 87' lang='lat' dir='ltr'><strong>qnia</strong></span> <span class='ocrx_word' id='word_1_390' title='bbox 460 3045 488 3091; x_wconf 90' lang='lat' dir='ltr'><strong>et</strong></span> <span class='ocrx_word' id='word_1_391' title='bbox 511 3035 682 3107; x_wconf 73' lang='lat' dir='ltr'><strong>providentes</strong></span> <span class='ocrx_word' id='word_1_392' title='bbox 693 3035 875 3100; x_wconf 87' lang='lat' dir='ltr'><strong>inferioribus,</strong></span> <span class='ocrx_word' id='word_1_393' title='bbox 930 3034 1015 3101; x_wconf 84' lang='lat' dir='ltr'><strong>iprrtut</strong></span> <span class='ocrx_word' id='word_1_394' title='bbox 1028 3036 1115 3088; x_wconf 86' lang='lat' dir='ltr'><strong>ontttiu</strong></span> <span class='ocrx_word' id='word_1_395' title='bbox 1125 3046 1150 3101; x_wconf 74' lang='lat' dir='ltr'><strong>t,</strong></span> <span class='ocrx_word' id='word_1_396' title='bbox 1162 3046 1191 3089; x_wconf 93' lang='lat' dir='ltr'><strong>ut</strong></span> <span class='ocrx_word' id='word_1_397' title='bbox 1200 3037 1238 3089; x_wconf 88' lang='lat' dir='ltr'><strong>ait</strong></span> <span class='ocrx_word' id='word_1_398' title='bbox 1251 3050 1328 3090; x_wconf 85' lang='lat' dir='ltr'><strong>sacer</strong></span> <span class='ocrx_word' id='word_1_399' title='bbox 1337 3051 1437 3090; x_wconf 87' lang='lat' dir='ltr'><strong>scruto.</strong></span> <span class='ocrx_word' id='word_1_400' title='bbox 1450 3035 1581 3092; x_wconf 85' lang='lat' dir='ltr'><strong>Omnilms</strong></span> <span class='ocrx_word' id='word_1_401' title='bbox 1592 3035 1673 3104; x_wconf 72' lang='lat' dir='ltr'><strong>igitur</strong></span> <span class='ocrx_word' id='word_1_402' title='bbox 1685 3039 1727 3087; x_wconf 88' lang='lat' dir='ltr'><strong>est</strong></span> 
     </span>
     <span class='ocr_line' id='line_1_46' title="bbox 78 3122 1726 3197; baseline -0.001 -17"><span class='ocrx_word' id='word_1_403' title='bbox 78 3125 313 3184; x_wconf 87' lang='lat' dir='ltr'><strong>inreversibiliter</strong></span> <span class='ocrx_word' id='word_1_404' title='bbox 340 3134 452 3184; x_wconf 87' lang='lat' dir='ltr'><strong>manent</strong></span> <span class='ocrx_word' id='word_1_405' title='bbox 481 3129 507 3183; x_wconf 87' lang='lat' dir='ltr'><strong>iu</strong></span> <span class='ocrx_word' id='word_1_406' title='bbox 534 3128 773 3192; x_wconf 87' lang='lat' dir='ltr'><strong>immutabilitate,</strong></span> <span class='ocrx_word' id='word_1_407' title='bbox 804 3128 878 3184; x_wconf 88' lang='lat' dir='ltr'><strong>cirea</strong></span> <span class='ocrx_word' id='word_1_408' title='bbox 931 3125 1029 3180; x_wconf 83' lang='lat' dir='ltr'><strong>tronum</strong></span> <span class='ocrx_word' id='word_1_409' title='bbox 1041 3136 1069 3180; x_wconf 91' lang='lat' dir='ltr'><strong>et</strong></span> <span class='ocrx_word' id='word_1_410' title='bbox 1082 3124 1211 3197; x_wconf 90' lang='lat' dir='ltr'><strong>optimum</strong></span> <span class='ocrx_word' id='word_1_411' title='bbox 1224 3125 1433 3195; x_wconf 81' lang='lat' dir='ltr'><strong>concupiscibile</strong></span> <span class='ocrx_word' id='word_1_412' title='bbox 1448 3136 1474 3179; x_wconf 89' lang='lat' dir='ltr'><strong>et</strong></span> <span class='ocrx_word' id='word_1_413' title='bbox 1486 3126 1601 3180; x_wconf 83' lang='lat' dir='ltr'><strong>:nutabile</strong></span> <span class='ocrx_word' id='word_1_414' title='bbox 1613 3132 1639 3178; x_wconf 89' lang='lat' dir='ltr'><strong>ct</strong></span> <span class='ocrx_word' id='word_1_415' title='bbox 1654 3122 1726 3178; x_wconf 88' lang='lat' dir='ltr'><strong>dele·</strong></span> 
     </span>
     <span class='ocr_line' id='line_1_47' title="bbox 78 3199 1726 3293; baseline -0.002 -21"><span class='ocrx_word' id='word_1_416' title='bbox 78 3219 316 3276; x_wconf 83' lang='lat' dir='ltr'><strong>imnttrtabilimtis</strong></span> <span class='ocrx_word' id='word_1_417' title='bbox 341 3221 449 3277; x_wconf 78' lang='lat' dir='ltr'><strong>catusale</strong></span> <span class='ocrx_word' id='word_1_418' title='bbox 474 3223 572 3278; x_wconf 89' lang='lat' dir='ltr'><strong>bonum</strong></span> <span class='ocrx_word' id='word_1_419' title='bbox 597 3230 623 3278; x_wconf 93' lang='lat' dir='ltr'><strong>et</strong></span> <span class='ocrx_word' id='word_1_420' title='bbox 638 3222 768 3293; x_wconf 91' lang='lat' dir='ltr'><strong>optimum</strong></span> <span class='ocrx_word' id='word_1_421' title='bbox 789 3222 878 3278; x_wconf 89' lang='lat' dir='ltr'><strong>inees-</strong></span> <span class='ocrx_word' id='word_1_422' title='bbox 893 3199 915 3261; x_wconf 75' lang='lat' dir='ltr'><strong>c</strong></span> <span class='ocrx_word' id='word_1_423' title='bbox 931 3219 1040 3283; x_wconf 88' lang='lat' dir='ltr'><strong>ctabilc,</strong></span> <span class='ocrx_word' id='word_1_424' title='bbox 1062 3228 1089 3274; x_wconf 90' lang='lat' dir='ltr'><strong>ct</strong></span> <span class='ocrx_word' id='word_1_425' title='bbox 1112 3234 1160 3289; x_wconf 83' lang='lat' dir='ltr'><strong>per</strong></span> <span class='ocrx_word' id='word_1_426' title='bbox 1184 3218 1270 3287; x_wconf 90' lang='lat' dir='ltr'><strong>ipsum</strong></span> <span class='ocrx_word' id='word_1_427' title='bbox 1285 3225 1313 3273; x_wconf 89' lang='lat' dir='ltr'><strong>ct</strong></span> <span class='ocrx_word' id='word_1_428' title='bbox 1334 3227 1446 3288; x_wconf 90' lang='lat' dir='ltr'><strong>propter</strong></span> <span class='ocrx_word' id='word_1_429' title='bbox 1464 3220 1552 3288; x_wconf 89' lang='lat' dir='ltr'><strong>ipsunt</strong></span> <span class='ocrx_word' id='word_1_430' title='bbox 1579 3217 1681 3273; x_wconf 85' lang='lat' dir='ltr'><strong>ntinora</strong></span> <span class='ocrx_word' id='word_1_431' title='bbox 1698 3223 1726 3270; x_wconf 90' lang='lat' dir='ltr'><strong>ct</strong></span> 
     </span>
     <span class='ocr_line' id='line_1_48' title="bbox 79 3308 1726 3378; baseline -0.001 -13"><span class='ocrx_word' id='word_1_432' title='bbox 79 3320 182 3366; x_wconf 84' lang='lat' dir='ltr'><strong>santet</strong></span> <span class='ocrx_word' id='word_1_433' title='bbox 194 3312 636 3369; x_wconf 80' lang='lat' dir='ltr'><strong>circumeuntestlnimae¹autem</strong></span> <span class='ocrx_word' id='word_1_434' title='bbox 645 3321 781 3369; x_wconf 84' lang='lat' dir='ltr'><strong>moinsest</strong></span> <span class='ocrx_word' id='word_1_435' title='bbox 793 3314 880 3370; x_wconf 91' lang='lat' dir='ltr'><strong>eircu-</strong></span> <span class='ocrx_word' id='word_1_436' title='bbox 931 3312 1041 3367; x_wconf 91' lang='lat' dir='ltr'><strong>meliora</strong></span> <span class='ocrx_word' id='word_1_437' title='bbox 1064 3310 1278 3367; x_wconf 70' lang='lat' dir='ltr'><strong>cntrtrersilailiter</strong></span> <span class='ocrx_word' id='word_1_438' title='bbox 1300 3318 1402 3377; x_wconf 79' lang='lat' dir='ltr'><strong>arctant,</strong></span> <span class='ocrx_word' id='word_1_439' title='bbox 1428 3320 1455 3366; x_wconf 86' lang='lat' dir='ltr'><strong>ct</strong></span> <span class='ocrx_word' id='word_1_440' title='bbox 1478 3309 1607 3366; x_wconf 90' lang='lat' dir='ltr'><strong>sociative</strong></span> <span class='ocrx_word' id='word_1_441' title='bbox 1632 3308 1726 3378; x_wconf 87' lang='lat' dir='ltr'><strong>aequi·</strong></span> 
     </span>
     <span class='ocr_line' id='line_1_49' title="bbox 77 3398 1726 3476; baseline 0 -21"><span class='ocrx_word' id='word_1_442' title='bbox 77 3398 158 3457; x_wconf 86' lang='lat' dir='ltr'><strong>laris</strong></span> <span class='ocrx_word' id='word_1_443' title='bbox 171 3400 298 3471; x_wconf 87' lang='lat' dir='ltr'><strong>quidem¹</strong></span> <span class='ocrx_word' id='word_1_444' title='bbox 314 3402 340 3458; x_wconf 92' lang='lat' dir='ltr'><strong>iu</strong></span> <span class='ocrx_word' id='word_1_445' title='bbox 367 3406 541 3474; x_wconf 86' lang='lat' dir='ltr'><strong>semetipsam</strong></span> <span class='ocrx_word' id='word_1_446' title='bbox 565 3406 692 3460; x_wconf 89' lang='lat' dir='ltr'><strong>introitus</strong></span> <span class='ocrx_word' id='word_1_447' title='bbox 707 3407 740 3459; x_wconf 87' lang='lat' dir='ltr'><strong>ab</strong></span> <span class='ocrx_word' id='word_1_448' title='bbox 756 3405 797 3461; x_wconf 91' lang='lat' dir='ltr'><strong>bis</strong></span> <span class='ocrx_word' id='word_1_449' title='bbox 811 3420 880 3476; x_wconf 87' lang='lat' dir='ltr'><strong>qnae</strong></span> <span class='ocrx_word' id='word_1_450' title='bbox 931 3402 1039 3467; x_wconf 88' lang='lat' dir='ltr'><strong>forntia,</strong></span> <span class='ocrx_word' id='word_1_451' title='bbox 1059 3419 1145 3474; x_wconf 88' lang='lat' dir='ltr'><strong>acque</strong></span> <span class='ocrx_word' id='word_1_452' title='bbox 1157 3402 1335 3466; x_wconf 85' lang='lat' dir='ltr'><strong>honorabilia,</strong></span> <span class='ocrx_word' id='word_1_453' title='bbox 1358 3413 1385 3460; x_wconf 91' lang='lat' dir='ltr'><strong>et</strong></span> <span class='ocrx_word' id='word_1_454' title='bbox 1396 3404 1506 3459; x_wconf 87' lang='lat' dir='ltr'><strong>incliora</strong></span> <span class='ocrx_word' id='word_1_455' title='bbox 1519 3403 1621 3458; x_wconf 89' lang='lat' dir='ltr'><strong>minora</strong></span> <span class='ocrx_word' id='word_1_456' title='bbox 1637 3401 1726 3471; x_wconf 88' lang='lat' dir='ltr'><strong>provi·</strong></span> 
     </span>
     <span class='ocr_line' id='line_1_50' title="bbox 78 3490 1729 3566; baseline 0.001 -19"><span class='ocrx_word' id='word_1_457' title='bbox 78 3490 158 3547; x_wconf 84' lang='lat' dir='ltr'><strong>loris</strong></span> <span class='ocrx_word' id='word_1_458' title='bbox 172 3499 252 3558; x_wconf 89' lang='lat' dir='ltr'><strong>sunt,</strong></span> <span class='ocrx_word' id='word_1_459' title='bbox 276 3502 303 3547; x_wconf 90' lang='lat' dir='ltr'><strong>et</strong></span> <span class='ocrx_word' id='word_1_460' title='bbox 319 3491 537 3550; x_wconf 90' lang='lat' dir='ltr'><strong>intellectualium</strong></span> <span class='ocrx_word' id='word_1_461' title='bbox 550 3510 659 3549; x_wconf 88' lang='lat' dir='ltr'><strong>suarum</strong></span> <span class='ocrx_word' id='word_1_462' title='bbox 675 3494 804 3549; x_wconf 85' lang='lat' dir='ltr'><strong>virtuttnn</strong></span> <span class='ocrx_word' id='word_1_463' title='bbox 821 3496 882 3550; x_wconf 60' lang='lat' dir='ltr'><strong>nniss</strong></span> <span class='ocrx_word' id='word_1_464' title='bbox 932 3495 976 3557; x_wconf 87' lang='lat' dir='ltr'><strong>tle,</strong></span> <span class='ocrx_word' id='word_1_465' title='bbox 1000 3504 1027 3548; x_wconf 92' lang='lat' dir='ltr'><strong>et</strong></span> <span class='ocrx_word' id='word_1_466' title='bbox 1053 3494 1120 3549; x_wconf 89' lang='lat' dir='ltr'><strong>baec</strong></span> <span class='ocrx_word' id='word_1_467' title='bbox 1152 3493 1298 3564; x_wconf 87' lang='lat' dir='ltr'><strong>semetipsa</strong></span> <span class='ocrx_word' id='word_1_468' title='bbox 1324 3494 1439 3566; x_wconf 80' lang='lat' dir='ltr'><strong>singula</strong></span> <span class='ocrx_word' id='word_1_469' title='bbox 1458 3508 1582 3564; x_wconf 87' lang='lat' dir='ltr'><strong>quaeque</strong></span> <span class='ocrx_word' id='word_1_470' title='bbox 1605 3506 1729 3548; x_wconf 79' lang='lat' dir='ltr'><strong>corruere</strong></span> 
     </span>
     <span class='ocr_line' id='line_1_51' title="bbox 78 3581 1728 3656; baseline 0.002 -21"><span class='ocrx_word' id='word_1_471' title='bbox 78 3581 187 3637; x_wconf 86' lang='lat' dir='ltr'><strong>formis</strong></span> <span class='ocrx_word' id='word_1_472' title='bbox 200 3582 350 3650; x_wconf 88' lang='lat' dir='ltr'><strong>conversio,</strong></span> <span class='ocrx_word' id='word_1_473' title='bbox 365 3584 434 3639; x_wconf 91' lang='lat' dir='ltr'><strong>sicut</strong></span> <span class='ocrx_word' id='word_1_474' title='bbox 447 3585 474 3640; x_wconf 89' lang='lat' dir='ltr'><strong>in</strong></span> <span class='ocrx_word' id='word_1_475' title='bbox 488 3586 603 3654; x_wconf 89' lang='lat' dir='ltr'><strong>quodam</strong></span> <span class='ocrx_word' id='word_1_476' title='bbox 619 3584 722 3639; x_wconf 89' lang='lat' dir='ltr'><strong>circulo</strong></span> <span class='ocrx_word' id='word_1_477' title='bbox 737 3586 881 3641; x_wconf 89' lang='lat' dir='ltr'><strong>inerrabile</strong></span> <span class='ocrx_word' id='word_1_478' title='bbox 932 3595 960 3641; x_wconf 90' lang='lat' dir='ltr'><strong>et</strong></span> <span class='ocrx_word' id='word_1_479' title='bbox 971 3587 1063 3641; x_wconf 88' lang='lat' dir='ltr'><strong>onrtria</strong></span> <span class='ocrx_word' id='word_1_480' title='bbox 1086 3587 1186 3641; x_wconf 89' lang='lat' dir='ltr'><strong>bonnm</strong></span> <span class='ocrx_word' id='word_1_481' title='bbox 1213 3594 1240 3640; x_wconf 91' lang='lat' dir='ltr'><strong>ct</strong></span> <span class='ocrx_word' id='word_1_482' title='bbox 1254 3587 1386 3656; x_wconf 90' lang='lat' dir='ltr'><strong>optimum</strong></span> <span class='ocrx_word' id='word_1_483' title='bbox 1401 3586 1582 3643; x_wconf 86' lang='lat' dir='ltr'><strong>desiderantia</strong></span> <span class='ocrx_word' id='word_1_484' title='bbox 1607 3585 1683 3648; x_wconf 86' lang='lat' dir='ltr'><strong>lacit,</strong></span> <span class='ocrx_word' id='word_1_485' title='bbox 1700 3588 1728 3638; x_wconf 86' lang='lat' dir='ltr'><strong>et</strong></span> 
     </span>
     <span class='ocr_line' id='line_1_52' title="bbox 79 3672 1727 3745; baseline 0.001 -18"><span class='ocrx_word' id='word_1_486' title='bbox 79 3688 169 3727; x_wconf 83' lang='lat' dir='ltr'><strong>suum</strong></span> <span class='ocrx_word' id='word_1_487' title='bbox 187 3672 301 3739; x_wconf 90' lang='lat' dir='ltr'><strong>donans,</strong></span> <span class='ocrx_word' id='word_1_488' title='bbox 315 3681 343 3729; x_wconf 90' lang='lat' dir='ltr'><strong>ct</strong></span> <span class='ocrx_word' id='word_1_489' title='bbox 358 3674 496 3741; x_wconf 83' lang='lat' dir='ltr'><strong>annuitis,</strong></span> <span class='ocrx_word' id='word_1_490' title='bbox 522 3690 591 3745; x_wconf 89' lang='lat' dir='ltr'><strong>quae</strong></span> <span class='ocrx_word' id='word_1_491' title='bbox 613 3683 676 3730; x_wconf 89' lang='lat' dir='ltr'><strong>sant</strong></span> <span class='ocrx_word' id='word_1_492' title='bbox 700 3678 880 3740; x_wconf 79' lang='lat' dir='ltr'><strong>extrinsecus,</strong></span> <span class='ocrx_word' id='word_1_493' title='bbox 933 3673 988 3728; x_wconf 90' lang='lat' dir='ltr'><strong>rnlt</strong></span> <span class='ocrx_word' id='word_1_494' title='bbox 1002 3675 1104 3740; x_wconf 93' lang='lat' dir='ltr'><strong>omnia,</strong></span> <span class='ocrx_word' id='word_1_495' title='bbox 1117 3690 1293 3744; x_wconf 85' lang='lat' dir='ltr'><strong>anaecnnnqnc</strong></span> <span class='ocrx_word' id='word_1_496' title='bbox 1306 3675 1371 3731; x_wconf 88' lang='lat' dir='ltr'><strong>iacit</strong></span> <span class='ocrx_word' id='word_1_497' title='bbox 1382 3683 1410 3729; x_wconf 91' lang='lat' dir='ltr'><strong>et</strong></span> <span class='ocrx_word' id='word_1_498' title='bbox 1421 3676 1486 3729; x_wconf 91' lang='lat' dir='ltr'><strong>vult.</strong></span> <span class='ocrx_word' id='word_1_499' title='bbox 1499 3673 1616 3731; x_wconf 79' lang='lat' dir='ltr'><strong>Audebit</strong></span> <span class='ocrx_word' id='word_1_500' title='bbox 1636 3681 1727 3729; x_wconf 90' lang='lat' dir='ltr'><strong>antem</strong></span> 
     </span>
     <span class='ocr_line' id='line_1_53' title="bbox 79 3764 1727 3841; baseline -0.002 -17"><span class='ocrx_word' id='word_1_501' title='bbox 79 3784 115 3824; x_wconf 88' lang='lat' dir='ltr'><strong>se</strong></span> <span class='ocrx_word' id='word_1_502' title='bbox 125 3774 293 3823; x_wconf 80' lang='lat' dir='ltr'><strong>convertens</strong></span> <span class='ocrx_word' id='word_1_503' title='bbox 305 3776 333 3822; x_wconf 88' lang='lat' dir='ltr'><strong>et</strong></span> <span class='ocrx_word' id='word_1_504' title='bbox 343 3782 521 3841; x_wconf 72' lang='lat' dir='ltr'><strong>congregans,</strong></span> <span class='ocrx_word' id='word_1_505' title='bbox 531 3769 654 3839; x_wconf 64' lang='lat' dir='ltr'><strong>primum*</strong></span> <span class='ocrx_word' id='word_1_506' title='bbox 664 3769 689 3824; x_wconf 94' lang='lat' dir='ltr'><strong>in</strong></span> <span class='ocrx_word' id='word_1_507' title='bbox 697 3770 879 3840; x_wconf 89' lang='lat' dir='ltr'><strong>semetipsam,</strong></span> <span class='ocrx_word' id='word_1_508' title='bbox 932 3772 960 3819; x_wconf 81' lang='lat' dir='ltr'><strong>et</strong></span> <span class='ocrx_word' id='word_1_509' title='bbox 974 3765 1026 3819; x_wconf 83' lang='lat' dir='ltr'><strong>ltoe</strong></span> <span class='ocrx_word' id='word_1_510' title='bbox 1038 3764 1129 3819; x_wconf 83' lang='lat' dir='ltr'><strong>dicero</strong></span> <span class='ocrx_word' id='word_1_511' title='bbox 1141 3780 1204 3819; x_wconf 85' lang='lat' dir='ltr'><strong>vera</strong></span> <span class='ocrx_word' id='word_1_512' title='bbox 1218 3764 1297 3830; x_wconf 87' lang='lat' dir='ltr'><strong>ratio,</strong></span> <span class='ocrx_word' id='word_1_513' title='bbox 1318 3765 1381 3835; x_wconf 89' lang='lat' dir='ltr'><strong>qnia</strong></span> <span class='ocrx_word' id='word_1_514' title='bbox 1402 3776 1429 3819; x_wconf 89' lang='lat' dir='ltr'><strong>et</strong></span> <span class='ocrx_word' id='word_1_515' title='bbox 1447 3766 1505 3835; x_wconf 89' lang='lat' dir='ltr'><strong>ipse</strong></span> <span class='ocrx_word' id='word_1_516' title='bbox 1526 3765 1646 3819; x_wconf 91' lang='lat' dir='ltr'><strong>omnium</strong></span> <span class='ocrx_word' id='word_1_517' title='bbox 1662 3779 1727 3820; x_wconf 90' lang='lat' dir='ltr'><strong>cau·</strong></span> 
     </span>
     <span class='ocr_line' id='line_1_54' title="bbox 81 3853 1727 3926; baseline -0.002 -13"><span class='ocrx_word' id='word_1_518' title='bbox 81 3857 188 3913; x_wconf 83' lang='lat' dir='ltr'><strong>deinde</strong></span> <span class='ocrx_word' id='word_1_519' title='bbox 213 3856 288 3913; x_wconf 84' lang='lat' dir='ltr'><strong>velut</strong></span> <span class='ocrx_word' id='word_1_520' title='bbox 303 3857 466 3915; x_wconf 78' lang='lat' dir='ltr'><strong>uniformem</strong></span> <span class='ocrx_word' id='word_1_521' title='bbox 491 3859 602 3926; x_wconf 86' lang='lat' dir='ltr'><strong>iactam,</strong></span> <span class='ocrx_word' id='word_1_522' title='bbox 623 3859 745 3915; x_wconf 90' lang='lat' dir='ltr'><strong>adunans</strong></span> <span class='ocrx_word' id='word_1_523' title='bbox 765 3860 882 3916; x_wconf 90' lang='lat' dir='ltr'><strong>adunate</strong></span> <span class='ocrx_word' id='word_1_524' title='bbox 932 3857 997 3912; x_wconf 87' lang='lat' dir='ltr'><strong>salis</strong></span> <span class='ocrx_word' id='word_1_525' title='bbox 1021 3872 1070 3926; x_wconf 90' lang='lat' dir='ltr'><strong>per</strong></span> <span class='ocrx_word' id='word_1_526' title='bbox 1080 3856 1208 3911; x_wconf 90' lang='lat' dir='ltr'><strong>bonitatis</strong></span> <span class='ocrx_word' id='word_1_527' title='bbox 1223 3856 1410 3911; x_wconf 78' lang='lat' dir='ltr'><strong>excellentiam</strong></span> <span class='ocrx_word' id='word_1_528' title='bbox 1431 3856 1522 3911; x_wconf 87' lang='lat' dir='ltr'><strong>otttnia</strong></span> <span class='ocrx_word' id='word_1_529' title='bbox 1537 3862 1620 3920; x_wconf 91' lang='lat' dir='ltr'><strong>amat,</strong></span> <span class='ocrx_word' id='word_1_530' title='bbox 1635 3853 1727 3910; x_wconf 81' lang='lat' dir='ltr'><strong>omnia</strong></span> 
     </span>
     <span class='ocr_line' id='line_1_55' title="bbox 82 3947 1725 4019; baseline 0.001 -18"><span class='ocrx_word' id='word_1_531' title='bbox 82 3947 217 4002; x_wconf 79' lang='lat' dir='ltr'><strong>atlrtnatis</strong></span> <span class='ocrx_word' id='word_1_532' title='bbox 228 3947 385 4015; x_wconf 73' lang='lat' dir='ltr'><strong>virtutibus,</strong></span> <span class='ocrx_word' id='word_1_533' title='bbox 401 3957 427 4005; x_wconf 90' lang='lat' dir='ltr'><strong>et</strong></span> <span class='ocrx_word' id='word_1_534' title='bbox 442 3950 481 4005; x_wconf 91' lang='lat' dir='ltr'><strong>sic</strong></span> <span class='ocrx_word' id='word_1_535' title='bbox 495 3950 629 4005; x_wconf 91' lang='lat' dir='ltr'><strong>inbonttm</strong></span> <span class='ocrx_word' id='word_1_536' title='bbox 639 3960 665 4005; x_wconf 90' lang='lat' dir='ltr'><strong>et</strong></span> <span class='ocrx_word' id='word_1_537' title='bbox 681 3950 812 4019; x_wconf 90' lang='lat' dir='ltr'><strong>optimum</strong></span> <span class='ocrx_word' id='word_1_538' title='bbox 824 3967 882 4005; x_wconf 90' lang='lat' dir='ltr'><strong>ma·</strong></span> <span class='ocrx_word' id='word_1_539' title='bbox 932 3951 1007 4013; x_wconf 90' lang='lat' dir='ltr'><strong>lacit,</strong></span> <span class='ocrx_word' id='word_1_540' title='bbox 1021 3949 1112 4006; x_wconf 89' lang='lat' dir='ltr'><strong>ornain</strong></span> <span class='ocrx_word' id='word_1_541' title='bbox 1129 3948 1261 4015; x_wconf 91' lang='lat' dir='ltr'><strong>continet,</strong></span> <span class='ocrx_word' id='word_1_542' title='bbox 1273 3948 1364 4003; x_wconf 88' lang='lat' dir='ltr'><strong>omnia</strong></span> <span class='ocrx_word' id='word_1_543' title='bbox 1379 3948 1524 4013; x_wconf 81' lang='lat' dir='ltr'><strong>convertit,</strong></span> <span class='ocrx_word' id='word_1_544' title='bbox 1547 3955 1576 4003; x_wconf 92' lang='lat' dir='ltr'><strong>et</strong></span> <span class='ocrx_word' id='word_1_545' title='bbox 1589 3956 1630 4003; x_wconf 91' lang='lat' dir='ltr'><strong>est</strong></span> <span class='ocrx_word' id='word_1_546' title='bbox 1642 3947 1725 4003; x_wconf 86' lang='lat' dir='ltr'><strong>etiam</strong></span> 
     </span>
     <span class='ocr_line' id='line_1_56' title="bbox 81 4038 1728 4112; baseline 0.001 -18"><span class='ocrx_word' id='word_1_547' title='bbox 81 4040 222 4104; x_wconf 78' lang='lat' dir='ltr'><strong>trutinata,</strong></span> <span class='ocrx_word' id='word_1_548' title='bbox 236 4049 263 4095; x_wconf 90' lang='lat' dir='ltr'><strong>ct</strong></span> <span class='ocrx_word' id='word_1_549' title='bbox 277 4055 358 4112; x_wconf 87' lang='lat' dir='ltr'><strong>super</strong></span> <span class='ocrx_word' id='word_1_550' title='bbox 371 4042 461 4096; x_wconf 92' lang='lat' dir='ltr'><strong>omnia</strong></span> <span class='ocrx_word' id='word_1_551' title='bbox 475 4042 629 4107; x_wconf 81' lang='lat' dir='ltr'><strong>existentia,</strong></span> <span class='ocrx_word' id='word_1_552' title='bbox 642 4051 670 4098; x_wconf 89' lang='lat' dir='ltr'><strong>et</strong></span> <span class='ocrx_word' id='word_1_553' title='bbox 684 4058 766 4097; x_wconf 90' lang='lat' dir='ltr'><strong>unum</strong></span> <span class='ocrx_word' id='word_1_554' title='bbox 794 4052 821 4098; x_wconf 93' lang='lat' dir='ltr'><strong>et</strong></span> <span class='ocrx_word' id='word_1_555' title='bbox 838 4042 880 4098; x_wconf 91' lang='lat' dir='ltr'><strong>id·</strong></span> <span class='ocrx_word' id='word_1_556' title='bbox 932 4042 1039 4099; x_wconf 87' lang='lat' dir='ltr'><strong>dirinns</strong></span> <span class='ocrx_word' id='word_1_557' title='bbox 1064 4055 1142 4095; x_wconf 89' lang='lat' dir='ltr'><strong>amor</strong></span> <span class='ocrx_word' id='word_1_558' title='bbox 1167 4039 1285 4109; x_wconf 88' lang='lat' dir='ltr'><strong>optimus</strong></span> <span class='ocrx_word' id='word_1_559' title='bbox 1308 4039 1402 4111; x_wconf 92' lang='lat' dir='ltr'><strong>optimi</strong></span> <span class='ocrx_word' id='word_1_560' title='bbox 1425 4055 1475 4110; x_wconf 87' lang='lat' dir='ltr'><strong>per</strong></span> <span class='ocrx_word' id='word_1_561' title='bbox 1503 4039 1644 4111; x_wconf 89' lang='lat' dir='ltr'><strong>optimum.</strong></span> <span class='ocrx_word' id='word_1_562' title='bbox 1668 4038 1728 4110; x_wconf 83' lang='lat' dir='ltr'><strong>lpse</strong></span> 
     </span>
     <span class='ocr_line' id='line_1_57' title="bbox 81 4128 1729 4205; baseline 0 -19"><span class='ocrx_word' id='word_1_563' title='bbox 81 4128 231 4201; x_wconf 85' lang='lat' dir='ltr'><strong>ipsum,et</strong></span> <span class='ocrx_word' id='word_1_564' title='bbox 241 4146 296 4187; x_wconf 94' lang='lat' dir='ltr'><strong>non</strong></span> <span class='ocrx_word' id='word_1_565' title='bbox 308 4130 449 4198; x_wconf 82' lang='lat' dir='ltr'><strong>inchoans,</strong></span> <span class='ocrx_word' id='word_1_566' title='bbox 460 4140 487 4186; x_wconf 92' lang='lat' dir='ltr'><strong>et</strong></span> <span class='ocrx_word' id='word_1_567' title='bbox 500 4148 552 4187; x_wconf 94' lang='lat' dir='ltr'><strong>non</strong></span> <span class='ocrx_word' id='word_1_568' title='bbox 566 4131 804 4205; x_wconf 83' lang='lat' dir='ltr'><strong>fluitamlibliqne</strong></span> <span class='ocrx_word' id='word_1_569' title='bbox 817 4147 882 4189; x_wconf 85' lang='lat' dir='ltr'><strong>vero</strong></span> <span class='ocrx_word' id='word_1_570' title='bbox 933 4134 1004 4189; x_wconf 91' lang='lat' dir='ltr'><strong>enim</strong></span> <span class='ocrx_word' id='word_1_571' title='bbox 1018 4134 1088 4191; x_wconf 90' lang='lat' dir='ltr'><strong>bene</strong></span> <span class='ocrx_word' id='word_1_572' title='bbox 1107 4132 1194 4190; x_wconf 90' lang='lat' dir='ltr'><strong>faetor</strong></span> <span class='ocrx_word' id='word_1_573' title='bbox 1217 4133 1392 4188; x_wconf 79' lang='lat' dir='ltr'><strong>existentium</strong></span> <span class='ocrx_word' id='word_1_574' title='bbox 1414 4148 1501 4200; x_wconf 88' lang='lat' dir='ltr'><strong>amor,</strong></span> <span class='ocrx_word' id='word_1_575' title='bbox 1519 4133 1545 4188; x_wconf 93' lang='lat' dir='ltr'><strong>iu</strong></span> <span class='ocrx_word' id='word_1_576' title='bbox 1565 4132 1666 4204; x_wconf 91' lang='lat' dir='ltr'><strong>optimo</strong></span> <span class='ocrx_word' id='word_1_577' title='bbox 1678 4146 1729 4203; x_wconf 85' lang='lat' dir='ltr'><strong>per</strong></span> 
     </span>
     <span class='ocr_line' id='line_1_58' title="bbox 82 4222 1728 4297; baseline 0 -20"><span class='ocrx_word' id='word_1_578' title='bbox 82 4222 182 4278; x_wconf 83' lang='lat' dir='ltr'><strong>anirna</strong></span> <span class='ocrx_word' id='word_1_579' title='bbox 207 4231 348 4289; x_wconf 87' lang='lat' dir='ltr'><strong>moretur,</strong></span> <span class='ocrx_word' id='word_1_580' title='bbox 372 4234 503 4294; x_wconf 88' lang='lat' dir='ltr'><strong>qnantum</strong></span> <span class='ocrx_word' id='word_1_581' title='bbox 519 4226 627 4297; x_wconf 89' lang='lat' dir='ltr'><strong>proprie</strong></span> <span class='ocrx_word' id='word_1_582' title='bbox 650 4240 679 4281; x_wconf 90' lang='lat' dir='ltr'><strong>se</strong></span> <span class='ocrx_word' id='word_1_583' title='bbox 696 4226 753 4296; x_wconf 91' lang='lat' dir='ltr'><strong>ipsa</strong></span> <span class='ocrx_word' id='word_1_584' title='bbox 775 4225 883 4283; x_wconf 85' lang='lat' dir='ltr'><strong>divinas</strong></span> <span class='ocrx_word' id='word_1_585' title='bbox 933 4225 1121 4282; x_wconf 82' lang='lat' dir='ltr'><strong>excellentiam</strong></span> <span class='ocrx_word' id='word_1_586' title='bbox 1142 4233 1205 4280; x_wconf 81' lang='lat' dir='ltr'><strong>aitte</strong></span> <span class='ocrx_word' id='word_1_587' title='bbox 1225 4224 1383 4288; x_wconf 88' lang='lat' dir='ltr'><strong>subsistens,</strong></span> <span class='ocrx_word' id='word_1_588' title='bbox 1410 4238 1463 4280; x_wconf 89' lang='lat' dir='ltr'><strong>noa</strong></span> <span class='ocrx_word' id='word_1_589' title='bbox 1490 4224 1556 4278; x_wconf 90' lang='lat' dir='ltr'><strong>sinit</strong></span> <span class='ocrx_word' id='word_1_590' title='bbox 1580 4224 1667 4292; x_wconf 86' lang='lat' dir='ltr'><strong>ipsum</strong></span> <span class='ocrx_word' id='word_1_591' title='bbox 1687 4223 1728 4277; x_wconf 90' lang='lat' dir='ltr'><strong>in·</strong></span> 
     </span>
     <span class='ocr_line' id='line_1_59' title="bbox 80 4311 1728 4394; baseline -0.002 -23"><span class='ocrx_word' id='word_1_592' title='bbox 80 4314 262 4373; x_wconf 88' lang='lat' dir='ltr'><strong>illuminatur</strong></span> <span class='ocrx_word' id='word_1_593' title='bbox 276 4318 417 4383; x_wconf 89' lang='lat' dir='ltr'><strong>scientias,</strong></span> <span class='ocrx_word' id='word_1_594' title='bbox 437 4335 490 4375; x_wconf 91' lang='lat' dir='ltr'><strong>uon</strong></span> <span class='ocrx_word' id='word_1_595' title='bbox 507 4318 723 4377; x_wconf 84' lang='lat' dir='ltr'><strong>intellectualiter</strong></span> <span class='ocrx_word' id='word_1_596' title='bbox 738 4331 766 4377; x_wconf 91' lang='lat' dir='ltr'><strong>et</strong></span> <span class='ocrx_word' id='word_1_597' title='bbox 788 4312 882 4394; x_wconf 78' lang='lat' dir='ltr'><strong>poten·</strong></span> <span class='ocrx_word' id='word_1_598' title='bbox 933 4316 1079 4374; x_wconf 81' lang='lat' dir='ltr'><strong>fecundum</strong></span> <span class='ocrx_word' id='word_1_599' title='bbox 1095 4317 1122 4373; x_wconf 91' lang='lat' dir='ltr'><strong>in</strong></span> <span class='ocrx_word' id='word_1_600' title='bbox 1140 4332 1169 4372; x_wconf 90' lang='lat' dir='ltr'><strong>sc</strong></span> <span class='ocrx_word' id='word_1_601' title='bbox 1183 4316 1243 4385; x_wconf 92' lang='lat' dir='ltr'><strong>ipso</strong></span> <span class='ocrx_word' id='word_1_602' title='bbox 1261 4331 1381 4381; x_wconf 89' lang='lat' dir='ltr'><strong>rnanere,</strong></span> <span class='ocrx_word' id='word_1_603' title='bbox 1394 4315 1576 4370; x_wconf 86' lang='lat' dir='ltr'><strong>monitantem</strong></span> <span class='ocrx_word' id='word_1_604' title='bbox 1594 4314 1683 4384; x_wconf 91' lang='lat' dir='ltr'><strong>ipsum</strong></span> <span class='ocrx_word' id='word_1_605' title='bbox 1699 4311 1728 4367; x_wconf 91' lang='lat' dir='ltr'><strong>ia</strong></span> 
     </span>
     <span class='ocr_line' id='line_1_60' title="bbox 43 4401 1728 4487; baseline 0.004 -36"><span class='ocrx_word' id='word_1_606' title='bbox 43 4438 50 4451; x_wconf 89' lang='grc'><em>,</em></span> <span class='ocrx_word' id='word_1_607' title='bbox 81 4417 143 4476; x_wconf 61' lang='lat' dir='ltr'><strong>ter,</strong></span> <span class='ocrx_word' id='word_1_608' title='bbox 160 4408 211 4465; x_wconf 67' lang='lat' dir='ltr'><strong>sei</strong></span> <span class='ocrx_word' id='word_1_609' title='bbox 227 4410 396 4467; x_wconf 71' lang='lat' dir='ltr'><strong>rationaliter</strong></span> <span class='ocrx_word' id='word_1_610' title='bbox 408 4421 436 4467; x_wconf 82' lang='lat' dir='ltr'><strong>et</strong></span> <span class='ocrx_word' id='word_1_611' title='bbox 449 4413 632 4487; x_wconf 84' lang='lat' dir='ltr'><strong>investigiose,</strong></span> <span class='ocrx_word' id='word_1_612' title='bbox 648 4424 676 4469; x_wconf 86' lang='lat' dir='ltr'><strong>et</strong></span> <span class='ocrx_word' id='word_1_613' title='bbox 688 4422 717 4470; x_wconf 90' lang='lat' dir='ltr'><strong>nt</strong></span> <span class='ocrx_word' id='word_1_614' title='bbox 728 4415 882 4472; x_wconf 77' lang='lat' dir='ltr'><strong>commixtis</strong></span> <span class='ocrx_word' id='word_1_615' title='bbox 934 4408 1067 4481; x_wconf 71' lang='lat' dir='ltr'><strong>agendum</strong></span> <span class='ocrx_word' id='word_1_616' title='bbox 1087 4408 1165 4478; x_wconf 80' lang='lat' dir='ltr'><strong>ittarta</strong></span> <span class='ocrx_word' id='word_1_617' title='bbox 1179 4408 1298 4460; x_wconf 92' lang='lat' dir='ltr'><strong>omnium</strong></span> <span class='ocrx_word' id='word_1_618' title='bbox 1318 4406 1463 4476; x_wconf 82' lang='lat' dir='ltr'><strong>genitivam</strong></span> <span class='ocrx_word' id='word_1_619' title='bbox 1477 4404 1676 4461; x_wconf 79' lang='lat' dir='ltr'><strong>excellentiam.</strong></span> <span class='ocrx_word' id='word_1_620' title='bbox 1692 4401 1728 4458; x_wconf 79' lang='lat' dir='ltr'><strong>st</strong></span> 
     </span>
     <span class='ocr_line' id='line_1_61' title="bbox 82 4495 1727 4575; baseline -0.007 -16"><span class='ocrx_word' id='word_1_621' title='bbox 82 4510 114 4558; x_wconf 88' lang='lat' dir='ltr'><strong>et</strong></span> <span class='ocrx_word' id='word_1_622' title='bbox 140 4502 309 4559; x_wconf 82' lang='lat' dir='ltr'><strong>transitoriis</strong></span> <span class='ocrx_word' id='word_1_623' title='bbox 332 4504 543 4575; x_wconf 81' lang='lat' dir='ltr'><strong>operationibus.</strong></span> <span class='ocrx_word' id='word_1_624' title='bbox 569 4504 623 4561; x_wconf 71' lang='lat' dir='ltr'><strong>iter</strong></span> <span class='ocrx_word' id='word_1_625' title='bbox 646 4521 712 4562; x_wconf 81' lang='lat' dir='ltr'><strong>neno</strong></span> <span class='ocrx_word' id='word_1_626' title='bbox 736 4506 882 4574; x_wconf 73' lang='lat' dir='ltr'><strong>directum,</strong></span> <span class='ocrx_word' id='word_1_627' title='bbox 933 4514 968 4555; x_wconf 91' lang='lat' dir='ltr'><strong>ne</strong></span> <span class='ocrx_word' id='word_1_628' title='bbox 983 4499 1044 4569; x_wconf 90' lang='lat' dir='ltr'><strong>quis</strong></span> <span class='ocrx_word' id='word_1_629' title='bbox 1058 4514 1108 4554; x_wconf 91' lang='lat' dir='ltr'><strong>nos</strong></span> <span class='ocrx_word' id='word_1_630' title='bbox 1122 4498 1270 4554; x_wconf 89' lang='lat' dir='ltr'><strong>arbitretur</strong></span> <span class='ocrx_word' id='word_1_631' title='bbox 1284 4506 1377 4552; x_wconf 89' lang='lat' dir='ltr'><strong>contra</strong></span> <span class='ocrx_word' id='word_1_632' title='bbox 1393 4495 1498 4565; x_wconf 91' lang='lat' dir='ltr'><strong>eloquia</strong></span> <span class='ocrx_word' id='word_1_633' title='bbox 1513 4496 1613 4550; x_wconf 88' lang='lat' dir='ltr'><strong>amoris</strong></span> <span class='ocrx_word' id='word_1_634' title='bbox 1627 4507 1727 4566; x_wconf 80' lang='lat' dir='ltr'><strong>coguo-</strong></span> 
     </span>
     <span class='ocr_line' id='line_1_62' title="bbox 82 4574 1728 4674; baseline -0.002 -30"><span class='ocrx_word' id='word_1_635' title='bbox 82 4612 155 4652; x_wconf 70' lang='lat' dir='ltr'><strong>cum</strong></span> <span class='ocrx_word' id='word_1_636' title='bbox 170 4611 225 4652; x_wconf 81' lang='lat' dir='ltr'><strong>non</strong></span> <span class='ocrx_word' id='word_1_637' title='bbox 239 4596 264 4653; x_wconf 77' lang='lat' dir='ltr'><strong>in</strong></span> <span class='ocrx_word' id='word_1_638' title='bbox 280 4574 453 4669; x_wconf 57' lang='lat' dir='ltr'><strong>semetipsam</strong></span> <span class='ocrx_word' id='word_1_639' title='bbox 469 4596 592 4668; x_wconf 65' lang='lat' dir='ltr'><strong>intrans,</strong></span> <span class='ocrx_word' id='word_1_640' title='bbox 615 4608 642 4657; x_wconf 66' lang='lat' dir='ltr'><strong>et</strong></span> <span class='ocrx_word' id='word_1_641' title='bbox 655 4602 785 4674; x_wconf 59' lang='lat' dir='ltr'><strong>singulari</strong></span> <span class='ocrx_word' id='word_1_642' title='bbox 800 4602 883 4658; x_wconf 65' lang='lat' dir='ltr'><strong>tutet.</strong></span> <span class='ocrx_word' id='word_1_643' title='bbox 898 4574 923 4637; x_wconf 69' lang='grc' dir='ltr'><strong><em>Β</em></strong></span> <span class='ocrx_word' id='word_1_644' title='bbox 937 4591 1112 4657; x_wconf 87' lang='lat' dir='ltr'><strong>minationem</strong></span> <span class='ocrx_word' id='word_1_645' title='bbox 1127 4589 1317 4645; x_wconf 85' lang='lat' dir='ltr'><strong>honorificare.</strong></span> <span class='ocrx_word' id='word_1_646' title='bbox 1341 4588 1390 4646; x_wconf 82' lang='lat' dir='ltr'><strong>Est</strong></span> <span class='ocrx_word' id='word_1_647' title='bbox 1408 4587 1517 4658; x_wconf 90' lang='lat' dir='ltr'><strong>quidem</strong></span> <span class='ocrx_word' id='word_1_648' title='bbox 1534 4586 1606 4641; x_wconf 90' lang='lat' dir='ltr'><strong>enim</strong></span> <span class='ocrx_word' id='word_1_649' title='bbox 1620 4584 1728 4641; x_wconf 90' lang='lat' dir='ltr'><strong>irratio-</strong></span> 
     </span>
     <span class='ocr_line' id='line_1_63' title="bbox 80 4673 1728 4763; baseline -0.007 -21"><span class='ocrx_word' id='word_1_650' title='bbox 80 4688 263 4745; x_wconf 82' lang='lat' dir='ltr'><strong>lectnalitate</strong></span> <span class='ocrx_word' id='word_1_651' title='bbox 278 4702 367 4757; x_wconf 83' lang='lat' dir='ltr'><strong>mnra;</strong></span> <span class='ocrx_word' id='word_1_652' title='bbox 388 4691 440 4746; x_wconf 76' lang='lat' dir='ltr'><strong>tunc</strong></span> <span class='ocrx_word' id='word_1_653' title='bbox 458 4690 540 4757; x_wconf 73' lang='lat' dir='ltr'><strong>enim,</strong></span> <span class='ocrx_word' id='word_1_654' title='bbox 561 4699 590 4745; x_wconf 78' lang='lat' dir='ltr'><strong>nt</strong></span> <span class='ocrx_word' id='word_1_655' title='bbox 605 4691 669 4756; x_wconf 63' lang='lat' dir='ltr'><strong>iiiii,</strong></span> <span class='ocrx_word' id='word_1_656' title='bbox 688 4701 740 4758; x_wconf 65' lang='lat' dir='ltr'><strong>est,</strong></span> <span class='ocrx_word' id='word_1_657' title='bbox 756 4692 827 4763; x_wconf 70' lang='lat' dir='ltr'><strong>quoq</strong></span> <span class='ocrx_word' id='word_1_658' title='bbox 839 4708 883 4749; x_wconf 67' lang='lat'><strong>50.</strong></span> <span class='ocrx_word' id='word_1_659' title='bbox 937 4681 1212 4746; x_wconf 89' lang='lat' dir='ltr'><strong>nabile,utarbitror,</strong></span> <span class='ocrx_word' id='word_1_660' title='bbox 1224 4689 1251 4735; x_wconf 90' lang='lat' dir='ltr'><strong>et</strong></span> <span class='ocrx_word' id='word_1_661' title='bbox 1266 4679 1385 4742; x_wconf 93' lang='lat' dir='ltr'><strong>stultum,</strong></span> <span class='ocrx_word' id='word_1_662' title='bbox 1398 4692 1452 4732; x_wconf 89' lang='lat' dir='ltr'><strong>non</strong></span> <span class='ocrx_word' id='word_1_663' title='bbox 1463 4676 1554 4732; x_wconf 91' lang='lat' dir='ltr'><strong>virtuti</strong></span> <span class='ocrx_word' id='word_1_664' title='bbox 1569 4673 1728 4731; x_wconf 89' lang='lat' dir='ltr'><strong>intentionis</strong></span> 
     </span>
     <span class='ocr_line' id='line_1_64' title="bbox 83 4765 1727 4854; baseline 0 -17"><span class='ocrx_word' id='word_1_665' title='bbox 83 4779 214 4837; x_wconf 88' lang='lat' dir='ltr'><strong>cundum</strong></span> <span class='ocrx_word' id='word_1_666' title='bbox 232 4781 356 4853; x_wconf 79' lang='lat' dir='ltr'><strong>cyclum:</strong></span> <span class='ocrx_word' id='word_1_667' title='bbox 372 4782 465 4838; x_wconf 81' lang='lat' dir='ltr'><strong>sedati</strong></span> <span class='ocrx_word' id='word_1_668' title='bbox 480 4797 512 4837; x_wconf 92' lang='lat' dir='ltr'><strong>ea</strong></span> <span class='ocrx_word' id='word_1_669' title='bbox 534 4784 604 4839; x_wconf 88' lang='lat' dir='ltr'><strong>circa</strong></span> <span class='ocrx_word' id='word_1_670' title='bbox 620 4798 648 4839; x_wconf 90' lang='lat' dir='ltr'><strong>sc</strong></span> <span class='ocrx_word' id='word_1_671' title='bbox 661 4785 833 4854; x_wconf 85' lang='lat' dir='ltr'><strong>proveniens,</strong></span> <span class='ocrx_word' id='word_1_672' title='bbox 856 4794 885 4840; x_wconf 90' lang='lat' dir='ltr'><strong>ct</strong></span> <span class='ocrx_word' id='word_1_673' title='bbox 938 4773 1086 4837; x_wconf 86' lang='lat' dir='ltr'><strong>attendere,</strong></span> <span class='ocrx_word' id='word_1_674' title='bbox 1112 4772 1159 4828; x_wconf 70' lang='lat' dir='ltr'><strong>ssd</strong></span> <span class='ocrx_word' id='word_1_675' title='bbox 1176 4770 1302 4826; x_wconf 86' lang='lat' dir='ltr'><strong>dictionis</strong></span> <span class='ocrx_word' id='word_1_676' title='bbox 1316 4770 1337 4824; x_wconf 84' lang='lat'><strong>⁸·</strong></span> <span class='ocrx_word' id='word_1_677' title='bbox 1361 4766 1395 4824; x_wconf 76' lang='grc' dir='ltr'><strong>Εῑ</strong></span> <span class='ocrx_word' id='word_1_678' title='bbox 1414 4767 1465 4824; x_wconf 73' lang='lat'>¹¹⁰0</span> <span class='ocrx_word' id='word_1_679' title='bbox 1490 4782 1544 4823; x_wconf 74' lang='lat'>¹¹⁰⁰</span> <span class='ocrx_word' id='word_1_680' title='bbox 1567 4775 1609 4822; x_wconf 70' lang='lat'><strong>⁰⁸²</strong></span> <span class='ocrx_word' id='word_1_681' title='bbox 1636 4765 1727 4821; x_wconf 70' lang='lat' dir='ltr'><strong>(llllssi</strong></span> 
     </span>
     <span class='ocr_line' id='line_1_65' title="bbox 81 4853 1729 4946; baseline -0.001 -15"><span class='ocrx_word' id='word_1_682' title='bbox 81 4876 124 4931; x_wconf 83' lang='lat' dir='ltr'><strong>ab</strong></span> <span class='ocrx_word' id='word_1_683' title='bbox 140 4873 188 4929; x_wconf 88' lang='lat' dir='ltr'><strong>bis</strong></span> <span class='ocrx_word' id='word_1_684' title='bbox 200 4873 378 4941; x_wconf 82' lang='lat' dir='ltr'><strong>extrinsecus,</strong></span> <span class='ocrx_word' id='word_1_685' title='bbox 388 4884 514 4946; x_wconf 91' lang='lat' dir='ltr'><strong>tanquam</strong></span> <span class='ocrx_word' id='word_1_686' title='bbox 538 4891 552 4930; x_wconf 92' lang='lat' dir='ltr'><strong>a</strong></span> <span class='ocrx_word' id='word_1_687' title='bbox 576 4876 735 4944; x_wconf 89' lang='lat' dir='ltr'><strong>quibusdam</strong></span> <span class='ocrx_word' id='word_1_688' title='bbox 758 4876 886 4946; x_wconf 60' lang='lat' dir='ltr'><strong>symbolis</strong></span> <span class='ocrx_word' id='word_1_689' title='bbox 938 4860 1089 4931; x_wconf 53' lang='lat' dir='ltr'><strong>in“duilli&#39;&#39;e</strong></span> <span class='ocrx_word' id='word_1_690' title='bbox 1113 4859 1257 4916; x_wconf 67' lang='lat' dir='ltr'><strong>V0¹0⁰ll¹¹ffl</strong></span> <span class='ocrx_word' id='word_1_691' title='bbox 1285 4858 1446 4929; x_wconf 67' lang='lat' dir='ltr'><strong>lf⁰llll¹¹¹¹¹v</strong></span> <span class='ocrx_word' id='word_1_692' title='bbox 1470 4856 1517 4913; x_wconf 57' lang='lat'><strong>⁸0⁶</strong></span> <span class='ocrx_word' id='word_1_693' title='bbox 1546 4869 1628 4913; x_wconf 74' lang='lat'><strong>⁸⁰⁰⁰⁸</strong></span> <span class='ocrx_word' id='word_1_694' title='bbox 1655 4853 1729 4910; x_wconf 69' lang='lat' dir='ltr'><strong>¹⁰V⁰⁸</strong></span> 
     </span>
     <span class='ocr_line' id='line_1_66' title="bbox 81 4957 1728 5035; baseline -0.007 -17"><span class='ocrx_word' id='word_1_695' title='bbox 81 4962 210 5019; x_wconf 85' lang='lat' dir='ltr'><strong>variatis</strong></span> <span class='ocrx_word' id='word_1_696' title='bbox 222 4971 250 5018; x_wconf 90' lang='lat' dir='ltr'><strong>et</strong></span> <span class='ocrx_word' id='word_1_697' title='bbox 264 4962 458 5034; x_wconf 88' lang='lat' dir='ltr'><strong>multiplicatis,</strong></span> <span class='ocrx_word' id='word_1_698' title='bbox 474 4963 500 5018; x_wconf 93' lang='lat' dir='ltr'><strong>in</strong></span> <span class='ocrx_word' id='word_1_699' title='bbox 513 4963 623 5035; x_wconf 87' lang='lat' dir='ltr'><strong>simplas</strong></span> <span class='ocrx_word' id='word_1_700' title='bbox 636 4972 662 5018; x_wconf 90' lang='lat' dir='ltr'><strong>et</strong></span> <span class='ocrx_word' id='word_1_701' title='bbox 677 4965 766 5019; x_wconf 89' lang='lat' dir='ltr'><strong>unitas</strong></span> <span class='ocrx_word' id='word_1_702' title='bbox 780 4964 886 5020; x_wconf 87' lang='lat' dir='ltr'><strong>reduci·</strong></span> <span class='ocrx_word' id='word_1_703' title='bbox 940 4959 1165 5030; x_wconf 56' lang='lat' dir='ltr'><strong>accipientium,</strong></span> <span class='ocrx_word' id='word_1_704' title='bbox 1201 4965 1229 5014; x_wconf 91' lang='lat' dir='ltr'><strong>et</strong></span> <span class='ocrx_word' id='word_1_705' title='bbox 1260 4957 1310 5014; x_wconf 88' lang='lat' dir='ltr'><strong>lros</strong></span> <span class='ocrx_word' id='word_1_706' title='bbox 1337 4972 1423 5028; x_wconf 89' lang='lat' dir='ltr'><strong>usque</strong></span> <span class='ocrx_word' id='word_1_707' title='bbox 1449 4970 1530 5011; x_wconf 89' lang='lat' dir='ltr'><strong>aures</strong></span> <span class='ocrx_word' id='word_1_708' title='bbox 1554 4961 1728 5010; x_wconf 88' lang='lat' dir='ltr'><strong>transeuntes</strong></span> 
     </span>
     <span class='ocr_line' id='line_1_67' title="bbox 81 5044 1729 5125; baseline -0.006 -13"><span class='ocrx_word' id='word_1_709' title='bbox 81 5066 137 5112; x_wconf 88' lang='lat' dir='ltr'><strong>tur</strong></span> <span class='ocrx_word' id='word_1_710' title='bbox 158 5053 409 5125; x_wconf 87' lang='lat' dir='ltr'><strong>contemplationes.</strong></span> <span class='ocrx_word' id='word_1_711' title='bbox 436 5052 537 5109; x_wconf 84' lang='lat' dir='ltr'><strong>llorrrm</strong></span> <span class='ocrx_word' id='word_1_712' title='bbox 563 5056 644 5124; x_wconf 75' lang='lat' dir='ltr'><strong>igitur</strong></span> <span class='ocrx_word' id='word_1_713' title='bbox 665 5063 692 5108; x_wconf 90' lang='lat' dir='ltr'><strong>et</strong></span> <span class='ocrx_word' id='word_1_714' title='bbox 717 5056 884 5110; x_wconf 87' lang='lat' dir='ltr'><strong>sensibilium</strong></span> <span class='ocrx_word' id='word_1_715' title='bbox 938 5054 1109 5111; x_wconf 81' lang='lat' dir='ltr'><strong>extrinsecus</strong></span> <span class='ocrx_word' id='word_1_716' title='bbox 1131 5051 1340 5115; x_wconf 88' lang='lat' dir='ltr'><strong>continentium,</strong></span> <span class='ocrx_word' id='word_1_717' title='bbox 1363 5060 1391 5106; x_wconf 92' lang='lat' dir='ltr'><strong>et</strong></span> <span class='ocrx_word' id='word_1_718' title='bbox 1409 5049 1556 5106; x_wconf 90' lang='lat' dir='ltr'><strong>nolentium</strong></span> <span class='ocrx_word' id='word_1_719' title='bbox 1570 5048 1650 5110; x_wconf 87' lang='lat' dir='ltr'><strong>scire,</strong></span> <span class='ocrx_word' id='word_1_720' title='bbox 1663 5044 1729 5118; x_wconf 91' lang='lat' dir='ltr'><strong>quid</strong></span> 
     </span>
     <span class='ocr_line' id='line_1_68' title="bbox 81 5140 1725 5218; baseline -0.007 -16"><span class='ocrx_word' id='word_1_721' title='bbox 81 5148 116 5202; x_wconf 89' lang='lat' dir='ltr'><strong>in</strong></span> <span class='ocrx_word' id='word_1_722' title='bbox 136 5145 366 5201; x_wconf 85' lang='lat' dir='ltr'><strong>nniversotrium</strong></span> <span class='ocrx_word' id='word_1_723' title='bbox 385 5146 746 5217; x_wconf 80' lang='lat' dir='ltr'><strong>motuumettnnltoprins</strong></span> <span class='ocrx_word' id='word_1_724' title='bbox 766 5163 887 5218; x_wconf 88' lang='lat' dir='ltr'><strong>unoquo·</strong></span> <span class='ocrx_word' id='word_1_725' title='bbox 938 5145 1047 5215; x_wconf 87' lang='lat' dir='ltr'><strong>qnidetn</strong></span> <span class='ocrx_word' id='word_1_726' title='bbox 1070 5143 1160 5214; x_wconf 88' lang='lat' dir='ltr'><strong>qualis</strong></span> <span class='ocrx_word' id='word_1_727' title='bbox 1183 5142 1265 5198; x_wconf 89' lang='lat' dir='ltr'><strong>dictio</strong></span> <span class='ocrx_word' id='word_1_728' title='bbox 1290 5142 1443 5213; x_wconf 79' lang='lat' dir='ltr'><strong>significet,</strong></span> <span class='ocrx_word' id='word_1_729' title='bbox 1474 5140 1640 5210; x_wconf 89' lang='lat' dir='ltr'><strong>quomodove</strong></span> <span class='ocrx_word' id='word_1_730' title='bbox 1664 5151 1725 5191; x_wconf 88' lang='lat' dir='ltr'><strong>eam</strong></span> 
     </span>
     <span class='ocr_line' id='line_1_69' title="bbox 80 5226 1727 5309; baseline -0.007 -19"><span class='ocrx_word' id='word_1_731' title='bbox 80 5252 147 5309; x_wconf 82' lang='lat' dir='ltr'><strong>qnae</strong></span> <span class='ocrx_word' id='word_1_732' title='bbox 162 5239 335 5292; x_wconf 86' lang='lat' dir='ltr'><strong>mansionum</strong></span> <span class='ocrx_word' id='word_1_733' title='bbox 360 5245 387 5293; x_wconf 90' lang='lat' dir='ltr'><strong>et</strong></span> <span class='ocrx_word' id='word_1_734' title='bbox 400 5239 546 5294; x_wconf 89' lang='lat' dir='ltr'><strong>stationum</strong></span> <span class='ocrx_word' id='word_1_735' title='bbox 562 5247 588 5292; x_wconf 84' lang='lat' dir='ltr'><strong>ct</strong></span> <span class='ocrx_word' id='word_1_736' title='bbox 600 5237 806 5293; x_wconf 87' lang='lat' dir='ltr'><strong>collocationum</strong></span> <span class='ocrx_word' id='word_1_737' title='bbox 822 5255 885 5294; x_wconf 90' lang='lat' dir='ltr'><strong>can·</strong></span> <span class='ocrx_word' id='word_1_738' title='bbox 938 5243 1063 5305; x_wconf 89' lang='lat' dir='ltr'><strong>oporteat</strong></span> <span class='ocrx_word' id='word_1_739' title='bbox 1074 5243 1102 5289; x_wconf 89' lang='lat' dir='ltr'><strong>et</strong></span> <span class='ocrx_word' id='word_1_740' title='bbox 1112 5248 1161 5304; x_wconf 84' lang='lat' dir='ltr'><strong>per</strong></span> <span class='ocrx_word' id='word_1_741' title='bbox 1174 5232 1242 5288; x_wconf 91' lang='lat' dir='ltr'><strong>alias</strong></span> <span class='ocrx_word' id='word_1_742' title='bbox 1262 5239 1471 5302; x_wconf 74' lang='lat' dir='ltr'><strong>aequepotentes</strong></span> <span class='ocrx_word' id='word_1_743' title='bbox 1487 5238 1513 5284; x_wconf 92' lang='lat' dir='ltr'><strong>et</strong></span> <span class='ocrx_word' id='word_1_744' title='bbox 1529 5226 1727 5283; x_wconf 79' lang='lat' dir='ltr'><strong>manifestiores</strong></span> 
     </span>
     <span class='ocr_line' id='line_1_70' title="bbox 81 5314 1724 5400; baseline -0.01 -14"><span class='ocrx_word' id='word_1_745' title='bbox 81 5328 152 5386; x_wconf 87' lang='lat' dir='ltr'><strong>sale</strong></span> <span class='ocrx_word' id='word_1_746' title='bbox 169 5336 223 5396; x_wconf 87' lang='lat' dir='ltr'><strong>est,</strong></span> <span class='ocrx_word' id='word_1_747' title='bbox 239 5334 265 5385; x_wconf 89' lang='lat' dir='ltr'><strong>et</strong></span> <span class='ocrx_word' id='word_1_748' title='bbox 277 5328 429 5397; x_wconf 89' lang='lat' dir='ltr'><strong>continens,</strong></span> <span class='ocrx_word' id='word_1_749' title='bbox 441 5336 467 5386; x_wconf 90' lang='lat' dir='ltr'><strong>et</strong></span> <span class='ocrx_word' id='word_1_750' title='bbox 476 5329 537 5384; x_wconf 89' lang='lat' dir='ltr'><strong>linis</strong></span> <span class='ocrx_word' id='word_1_751' title='bbox 550 5330 649 5386; x_wconf 87' lang='lat' dir='ltr'><strong>bonum</strong></span> <span class='ocrx_word' id='word_1_752' title='bbox 663 5340 690 5383; x_wconf 89' lang='lat' dir='ltr'><strong>et</strong></span> <span class='ocrx_word' id='word_1_753' title='bbox 703 5332 843 5400; x_wconf 91' lang='lat' dir='ltr'><strong>optimum,</strong></span> <span class='ocrx_word' id='word_1_754' title='bbox 860 5338 887 5383; x_wconf 91' lang='lat' dir='ltr'><strong>et</strong></span> <span class='ocrx_word' id='word_1_755' title='bbox 936 5322 1448 5393; x_wconf 82' lang='lat' dir='ltr'><strong>dictionesdeclarare,ipatientintmque</strong></span> <span class='ocrx_word' id='word_1_756' title='bbox 1459 5318 1609 5380; x_wconf 87' lang='lat' dir='ltr'><strong>elementis,</strong></span> <span class='ocrx_word' id='word_1_757' title='bbox 1623 5326 1649 5370; x_wconf 90' lang='lat' dir='ltr'><strong>et</strong></span> <span class='ocrx_word' id='word_1_758' title='bbox 1663 5314 1724 5370; x_wconf 86' lang='lat' dir='ltr'><strong>lite-</strong></span> 
     </span>
     <span class='ocr_line' id='line_1_71' title="bbox 78 5407 1722 5492; baseline -0.012 -13"><span class='ocrx_word' id='word_1_759' title='bbox 78 5435 182 5491; x_wconf 84' lang='lat' dir='ltr'><strong>super</strong></span> <span class='ocrx_word' id='word_1_760' title='bbox 194 5435 301 5476; x_wconf 91' lang='lat' dir='ltr'><strong>omnem</strong></span> <span class='ocrx_word' id='word_1_761' title='bbox 325 5429 425 5478; x_wconf 86' lang='lat' dir='ltr'><strong>statum</strong></span> <span class='ocrx_word' id='word_1_762' title='bbox 446 5430 473 5478; x_wconf 90' lang='lat' dir='ltr'><strong>et</strong></span> <span class='ocrx_word' id='word_1_763' title='bbox 497 5429 610 5477; x_wconf 86' lang='lat' dir='ltr'><strong>moturn.</strong></span> <span class='ocrx_word' id='word_1_764' title='bbox 630 5420 776 5492; x_wconf 90' lang='lat' dir='ltr'><strong>Propterea</strong></span> <span class='ocrx_word' id='word_1_765' title='bbox 796 5420 885 5476; x_wconf 92' lang='lat' dir='ltr'><strong>omnis</strong></span> <span class='ocrx_word' id='word_1_766' title='bbox 938 5417 975 5470; x_wconf 88' lang='lat' dir='ltr'><strong>ris</strong></span> <span class='ocrx_word' id='word_1_767' title='bbox 989 5431 1041 5469; x_wconf 84' lang='lat' dir='ltr'><strong>iton</strong></span> <span class='ocrx_word' id='word_1_768' title='bbox 1059 5414 1212 5481; x_wconf 88' lang='lat' dir='ltr'><strong>intellectis,</strong></span> <span class='ocrx_word' id='word_1_769' title='bbox 1225 5423 1254 5469; x_wconf 91' lang='lat' dir='ltr'><strong>et</strong></span> <span class='ocrx_word' id='word_1_770' title='bbox 1265 5411 1375 5485; x_wconf 79' lang='lat' dir='ltr'><strong>syllabis</strong></span> <span class='ocrx_word' id='word_1_771' title='bbox 1388 5420 1416 5467; x_wconf 90' lang='lat' dir='ltr'><strong>et</strong></span> <span class='ocrx_word' id='word_1_772' title='bbox 1428 5409 1590 5467; x_wconf 90' lang='lat' dir='ltr'><strong>dictionibus</strong></span> <span class='ocrx_word' id='word_1_773' title='bbox 1602 5407 1722 5479; x_wconf 76' lang='lat' dir='ltr'><strong>incoqui·</strong></span> 
     </span>
    </p>
   </div>
   <div class='ocr_carea' id='block_1_11' title="bbox 738 5522 1084 5585">
    <p class='ocr_par' dir='ltr' id='par_1_11' title="bbox 738 5522 1084 5585">
     <span class='ocr_line' id='line_1_72' title="bbox 738 5522 1084 5585; baseline -0.014 -2"><span class='ocrx_word' id='word_1_774' title='bbox 738 5527 865 5585; x_wconf 76' lang='lat' dir='ltr'><strong>radidit</strong></span> <span class='ocrx_word' id='word_1_775' title='bbox 883 5522 1084 5582; x_wconf 74' lang='lat' dir='ltr'><strong>Lecrtonss.</strong></span> 
     </span>
    </p>
   </div>
   <div class='ocr_carea' id='block_1_12' title="bbox 132 5586 1192 5697">
    <p class='ocr_par' dir='ltr' id='par_1_12' title="bbox 132 5586 1192 5697">
     <span class='ocr_line' id='line_1_73' title="bbox 132 5586 1192 5697; baseline -0.008 -18"><span class='ocrx_word' id='word_1_776' title='bbox 132 5627 141 5657; x_wconf 86' lang='lat'>¹</span> <span class='ocrx_word' id='word_1_777' title='bbox 161 5622 211 5679; x_wconf 81' lang='grc' dir='ltr'><strong>ΒΗ</strong></span> <span class='ocrx_word' id='word_1_778' title='bbox 225 5586 329 5681; x_wconf 41' lang='lat' dir='ltr'><strong>lttitie:</strong></span> <span class='ocrx_word' id='word_1_779' title='bbox 355 5621 558 5697; x_wconf 73' lang='lat' dir='ltr'><strong>&#39;Bllqttidum</strong></span> <span class='ocrx_word' id='word_1_780' title='bbox 605 5621 671 5678; x_wconf 73' lang='grc' dir='ltr'><strong>’ΒΕ</strong></span> <span class='ocrx_word' id='word_1_781' title='bbox 684 5622 851 5678; x_wconf 83' lang='lat' dir='ltr'><strong>dictionibus.</strong></span> <span class='ocrx_word' id='word_1_782' title='bbox 906 5614 919 5653; x_wconf 77' lang='lat'>⁸</span> <span class='ocrx_word' id='word_1_783' title='bbox 940 5616 986 5672; x_wconf 79' lang='lat' dir='ltr'><strong>dli</strong></span> <span class='ocrx_word' id='word_1_784' title='bbox 1004 5613 1192 5686; x_wconf 81' lang='lat' dir='ltr'><strong>recipientium.</strong></span> 
     </span>
    </p>
   </div>
   <div class='ocr_carea' id='block_1_13' title="bbox 129 5706 982 5855">
    <p class='ocr_par' dir='ltr' id='par_1_13' title="bbox 129 5706 982 5855">
     <span class='ocr_line' id='line_1_74' title="bbox 857 5706 982 5767; baseline -0.016 -3"><span class='ocrx_word' id='word_1_785' title='bbox 857 5706 982 5767; x_wconf 73' lang='lat' dir='ltr'>NOTAE.</span> 
     </span>
     <span class='ocr_line' id='line_1_75' title="bbox 129 5784 363 5855; baseline -0.009 -11"><span class='ocrx_word' id='word_1_786' title='bbox 129 5801 146 5832; x_wconf 72' lang='grc' dir='ltr'>ι</span> <span class='ocrx_word' id='word_1_787' title='bbox 161 5787 246 5845; x_wconf 80' lang='lat' dir='ltr'><strong>ilum.</strong></span> <span class='ocrx_word' id='word_1_788' title='bbox 259 5784 307 5855; x_wconf 72' lang='lat' dir='ltr'><strong>xl,</strong></span> <span class='ocrx_word' id='word_1_789' title='bbox 318 5786 363 5842; x_wconf 72' lang='lat' dir='ltr'><strong>bd.</strong></span> 
     </span>
    </p>
   </div>
   <div class='ocr_carea' id='block_1_14' title="bbox 0 0 2089 6625">
    <p class='ocr_par' dir='ltr' id='par_1_14' title="bbox 0 0 2089 6625">
     <span class='ocr_line' id='line_1_76' title="bbox 0 0 2089 6625; baseline 0 0"><span class='ocrx_word' id='word_1_790' title='bbox 0 0 2089 6625; x_wconf 95' lang='lat' dir='ltr'><strong> </strong></span> 
     </span>
    </p>
   </div>
  </div>
 </body>
</html>
