4167 6625
81 497 130 562 Εὖ
343 502 591 570 extremitates
609 514 722 573 SUPER
740 511 952 578 tenhucutttt
967 515 1173 583 ctnttstett
1191 521 1221 582 S.
1239 523 1397 586 [llOlell.
1635 530 1688 592 ΞΜ

83 619 274 692 similitudinem,
294 637 424 697 mantum
451 631 571 701 porrihile
591 634 748 704 hominihus,
763 647 853 695 esten-
865 641 892 703 Δ
905 640 1102 699 tellectualihus
1125 649 1153 698 et
1171 643 1346 701 rationalibus
1366 645 1465 702 animis
1483 661 1512 701 tn
1525 661 1556 703 re
1577 648 1689 706 unirer·

84 723 142 769 trra.
154 710 188 780 Si,
202 712 300 784 inquit,
316 733 412 775 ornnes
436 720 517 778 divini
532 725 616 780 animi
641 727 698 784 site
723 729 853 788 caelestes
904 732 996 788 taliter
1009 733 1147 789 conversis
1157 742 1185 789 et
1201 734 1302 804 absque
1326 734 1526 792 intermissione
1536 738 1653 793 extemis
1666 738 1691 773 ¹*

83 802 133 859 tlte
149 804 256 860 hemam
284 809 676 883 communiter,quamrisnnn
691 820 853 890 aequaliter,
903 831 931 878 et
961 826 1162 882 siitiilitndinem
1193 808 1270 882 suam
1293 810 1446 898 impertitur
1465 837 1494 884 et
1517 809 1697 887 venabulum.⁴

81 892 317 999 hparheipatiane
346 898 501 1007 sapientiae·
520 912 549 959 et
575 906 704 965 scientiae
715 910 853 966 substituti
1121 960 1367 1020 mmmmm
1392 964 1460 1021 xm

81 990 145 1049 sant,
156 993 258 1042 nonem
270 987 465 1058 mordinatam,
478 1006 502 1048 er
513 1009 634 1054 summus
645 998 771 1057 sacerdus
782 1001 854 1071 apud
1463 1005 1470 1021 '

81 1087 128 1130 nus
142 1075 249 1149 angelm
268 1076 458 1149 maturimae
470 1098 546 1141 suam
560 1088 698 1158 virtutem,
710 1106 764 1163 qua
788 1107 854 1163 par·
1159 1072 1242 1143 0¹¹1ssss
1256 1072 1424 1131 ¹³¹¹¹¹1¹⁸0⁸²²

82 1165 355 1241 tietpatprnpteticam
367 1174 523 1244 angelorum
533 1181 734 1250 proprietatem,
746 1191 775 1239 et
783 1184 854 1255 qua¹
941 1181 1030 1251 Quare
1041 1202 1058 1240 a
1073 1182 1210 1256 Seraphim
1227 1185 1324 1241 dicitnr
1337 1195 1463 1257 perpatens
1475 1189 1556 1259 faiam
1568 1192 1693 1262 propheta

81 1263 224 1319 extenditur
246 1265 279 1321 ad
300 1268 500 1329 manifestivam
519 1273 730 1346 similitudinem
744 1292 854 1346 eorum,
1241 1255 1329 1311 fimi
1340 1256 1398 1312 ‘'¹-

80 1357 643 1428 enmumpnmtuiteesthomtnt.thentm
658 1367 857 1440 homini¹pre
941 1367 955 1441 5
986 1373 1066 1440 .Ape,
1079 1380 1102 1425 et
1112 1370 1161 1424 hoe
1172 1369 1316 1425 seeundum
1327 1372 1448 1426 uirtutem
1457 1372 1638 1441 inspiciantur,
1649 1382 1695 1428 at·

77 1443 167 1513 pteue
187 1456 252 1504 sunt
278 1464 446 1509 summarum
470 1455 556 1527 angeli
579 1456 789 1526 'sacerdotum
818 1461 856 1516 ita
906 1458 997 1534 auida
1012 1458 1137 1528 theelopit
1152 1456 1288 1527 Seraphim
1303 1457 1612 1528 mimertntmarcomr.
1627 1459 1695 1533 Ape,

77 1537 168 1594 mmmi
180 1541 336 1598 sacerdotes
356 1530 480 1604 hemines
497 1545 656 1604 inferiorum
669 1552 857 1622 seprophetae
908 1547 1002 1619 inquit,
1015 1549 1086 1618 quod
1100 1550 1126 1581 ¹¹
1144 1558 1254 1605 nostrae
1266 1548 1440 1620 disputationi
1453 1548 1533 1619 ohjiei
1557 1557 1658 1621 petest,
1672 1550 1697 1606 al

78 1629 417 1692 mnrtmomtantcomm
437 1639 618 1696 ordinumht
630 1642 857 1712 quemadmodum
907 1643 1024 1699 humana
1037 1643 1172 1698 ierarchia
1184 1657 1233 1713 per
1252 1643 1430 1698 novissimum
1454 1642 1578 1700 ordinem
1605 1641 1698 1700 caele·

77 1721 160 1794 anpeli
181 1723 270 1781 diuina
294 1729 424 1800 mysteria
444 1732 558 1788 summis
568 1733 754 1792 sacerdotibus
767 1737 857 1792 mani·
908 1733 989 1789 stium
1000 1732 1140 1798 virtutum,
1151 1732 1197 1803 qui
1205 1732 1312 1803 proprie
1322 1731 1461 1803 angelicus
1469 1739 1593 1797 rotatur,
1605 1731 1699 1804 dispo·

76 1808 178 1879 tanat
192 1813 219 1870 id
232 1824 276 1873 eet
288 1819 462 1886 annuntiant,
477 1822 572 1878 eadem
586 1822 761 1880 similitudine
783 1840 858 1881 aum·
908 1824 991 1890 nitur,
1008 1832 1038 1878 ut
1048 1817 1161 1895 praelati
1172 1839 1277 1890 sumus,
1287 1838 1372 1894 pilare
1382 1822 1534 1894 Seraphim,
1546 1821 1700 1879 unuanide·

75 1901 111 1957 nri
124 1902 135 1934 ⁸
147 1906 302 1964 sacerdotes
314 1910 410 1967 cariem
429 1912 561 1983 mysteria
574 1913 748 1973 interioribus
767 1932 856 1973 sean-
908 1913 973 1971 lieet
990 1927 1148 1968 exnumero
1165 1913 1270 1985 primae
1291 1912 1453 1976 ierarchiae,
1465 1920 1563 1983 purgat
1582 1910 1695 1982 prophe

74 1992 196 2051 notitiam
207 2011 262 2052 nnn
270 2009 389 2057 emsant
871 1998 897 2060 B
911 2003 983 2059 tam?
992 2001 1060 2057 illud
1069 2004 1142 2059 enim
1154 2002 1188 2056 ad
1200 2001 1311 2073 angelos
1325 2001 1450 2072 pertinet.
1462 1999 1635 2069 Quaestione
1647 1994 1700 2056 hec

42 2157 47 2170 ,
111 2079 126 2154 i
140 2081 170 2142 ³·
180 2081 403 2158 lnnenieaantem,
415 2094 480 2164 pala
486 2102 512 2150 et
528 2096 591 2152 deor
604 2095 732 2170 thealopta
743 2107 815 2155 norat
832 2106 857 2155 et
907 2112 923 2152 a
938 2094 1069 2165 theologis
1083 2093 1183 2149 dietum
1192 2094 1240 2158 sit,
1249 2091 1327 2160 juxta
1338 2093 1468 2148 virtutem
1481 2098 1591 2148 nostrae
1600 2090 1701 2146 intelli·

75 2171 226 2232 caeleateart
237 2182 859 2258 rapernar⁸errentiaaetapadnenamiriarimer
907 2186 1014 2258 pendae
1032 2198 1205 2255 quaeramus.
1219 2181 1358 2254 Siquidem
1374 2197 1429 2238 noa
1439 2187 1512 2237 esset
1522 2180 1656 2252 quaestio,
1675 2178 1700 2235 ei

73 2259 125 2318 ner
145 2274 170 2321 et
188 2268 320 2326 mirabiles
334 2274 414 2329 airon
427 2273 488 2331 Non
501 2276 611 2344 mirum,
629 2278 726 2349 inquit,
741 2280 764 2335 si
784 2295 859 2337 eum·
908 2291 962 2332 nnn
976 2276 1161 2342 definiremus,
1177 2281 1265 2345 neque
1278 2271 1575 2345 Seraphiminieriores
1586 2272 1702 2328 virtutes

74 2365 145 2408 mum
159 2358 329 2415 sacerdotem
344 2361 478 2436 theologia
497 2365 622 2437 angelum
643 2367 692 2423 hei
710 2372 857 2437 vocaverit,
909 2384 988 2443 posse
1002 2369 1026 2404 ¹⁸
1042 2368 1187 2434 nominari,
1204 2382 1292 2439 nequae
1304 2366 1329 2401 ’⁸
1342 2365 1395 2422 nisi
1407 2366 1432 2398 ¹¹
1443 2380 1493 2437 per
1504 2373 1642 2421 extremas
1653 2377 1703 2417 an·

73 2447 134 2515 qnia
147 2447 271 2506 inrenies
282 2454 399 2510 eandem
413 2455 576 2529 theologiam
597 2460 662 2514 deos
682 2473 780 2518 tueare
800 2476 860 2517 eae-
910 2463 984 2536 gelae
994 2469 1116 2518 nostram
1130 2459 1291 2516 ierarchiam
1305 2457 1503 2513 administrari.
1518 2454 1596 2523 Quod
1610 2465 1705 2510 eonse-

74 2531 298 2599 lettesesaentias
311 2551 340 2598 et
352 2543 487 2613 homines,
502 2547 565 2618 quia
578 2547 658 2604 amici
676 2550 723 2606 hei
737 2560 810 2606 aaut.
831 2550 862 2606 Si
911 2565 1025 2628 quenter
1049 2553 1219 2625 subjungitur
1242 2568 1250 2607 ε
1276 2549 1380 2607 Etenim
1398 2555 1538 2621 reponeret
1553 2549 1704 2621 qnisquam,

72 2642 140 2700 erga
151 2629 280 2694 homines
295 2634 334 2688 dii
345 2645 487 2702 rocantnr,
498 2638 561 2707 quiid
572 2639 682 2706 mirum,
694 2641 718 2696 si
737 2641 863 2698 dieantur
911 2648 973 2717 qnia
988 2664 1040 2702 non
1049 2646 1242 2717 sephonitarum
1251 2645 1309 2715 quis
1321 2642 1484 2713 anpelamm,
1503 2638 1549 2694 recl
1567 2654 1636 2694 anas
1645 2638 1705 2709 qni-

72 2719 176 2775 summi
186 2722 344 2778 sacerdotes
367 2724 475 2796 angelii
486 2726 520 2781 th
529 2730 630 2800 phialam
645 2731 656 2764 ¹
670 2731 759 2787 diuina
771 2732 862 2788 otren-
912 2738 974 2792 dom
986 2736 1108 2791 maximia
1126 2734 1150 2768 ¹⁸
1162 2734 1280 2788 essentiis
1295 2732 1323 2786 in
1335 2731 1450 2786 numeria
1473 2735 1568 2799 pareat
1584 2725 1706 2782 sacerdo·

72 2809 175 2866 ritate·
181 2807 436 2884 supereturitiniiter
452 2819 530 2873 mmai
540 2821 660 2878 omnihus
677 2833 701 2879 et
713 2834 812 2880 remota
838 2835 863 2881 et
913 2827 1077 2884 remearem
1092 2833 1121 2880 et
1143 2824 1184 2881 tie
1196 2823 1369 2894 interpretari
1385 2821 1510 2876 :Etenim
1529 2816 1706 2888 responderet

72 2901 280 2974 mpetrallacata
298 2920 389 2960 eoram
403 2906 500 2981 ’,paae
512 2921 584 2979 reru,
595 2912 698 2968 nnllam
715 2915 800 2969 simile
821 2932 865 2970 nn·
915 2918 1109 2988 unusquisque,
1125 2915 1188 2985 quia
1203 2911 1451 2981 nansuhjectnrum
1461 2910 1523 2982 quia
1535 2907 1704 2980 angelorum,

72 2993 107 3050 let
117 2997 222 3068 proprie
232 3004 257 3053 et
279 2999 384 3054 omnino
399 2999 422 3033 ¹⁶
435 3000 469 3055 ah
488 3019 520 3058 ea
534 3003 556 3038 ¹¹
568 3006 707 3061 naminari.
721 3006 749 3061 ln
761 3014 865 3063 tantum
915 3008 963 3067 ted
977 3009 1035 3079 ipse
1051 3005 1203 3077 Seraphim,
1215 3002 1341 3060 uidelicet
1350 3002 1397 3073 qui
1411 3000 1434 3034 ⁸'
1446 3007 1489 3057 eet
1507 2999 1535 3054 in
1558 2995 1706 3054 honorabi-

72 3085 149 3144 enim
157 3088 249 3144 divina
263 3090 369 3147 honitm
377 3092 483 3148 ocertlta
491 3103 568 3151 estet
581 3096 723 3153 inuisibilis
732 3105 760 3153 et
772 3113 866 3169 super·
915 3098 1027 3156 lissimia
1052 3096 1242 3155 essentialibus
1266 3092 1398 3159 inumeris,
1411 3100 1511 3162 purgat
1533 3088 1706 3181 prophetam

70 3178 229 3236 ermenairi
252 3189 281 3236 et
306 3182 340 3238 ab
367 3184 497 3240 omnihus
512 3194 626 3253 remota,
642 3193 673 3241 ut
695 3185 799 3242 nullum
813 3186 866 3242 sihi
918 3187 1297 3248 Unustameniatelleetusest
1307 3183 1448 3252 utriusque
1457 3176 1706 3249 interpretationis3

69 3271 165 3331 simile
175 3272 224 3339 eit,
239 3274 310 3345 qaod
330 3275 365 3331 ah
392 3290 425 3333 ea
446 3277 556 3350 proprie
573 3277 661 3335 valeat
685 3278 864 3348 denominari,
918 3299 981 3341 nam
991 3286 1133 3362 direpiam
1146 3278 1170 3314 ¹⁸
1183 3285 1272 3350 petest
1283 3272 1460 3346 interpretari
1473 3280 1501 3328 et
1513 3277 1663 3342 exponeret
1680 3273 1715 3324 er

67 3374 101 3422 nt
113 3364 192 3423 Deua
207 3368 314 3437 proprie
323 3375 370 3424 aut
386 3369 495 3426 bonitas
510 3380 557 3427 aut
568 3371 670 3428 veritas
684 3373 799 3430 dicatur.
817 3372 867 3429 l'e·
917 3377 1095 3449 responderet
1107 3376 1285 3453 ¹·,·npepirrr
1297 3369 1321 3402 ”
1334 3366 1459 3426 similiter
1479 3374 1509 3422 et
1532 3362 1660 3422 sacerdot
1680 3371 1710 3418 0⁸

65 3470 225 3514 nontamen
238 3475 406 3532 quaecunque
419 3462 442 3496 ²¹
453 3470 477 3518 et
490 3462 704 3520 intellectualium
714 3474 738 3522 et
750 3466 868 3522 rationa-
917 3468 1060 3539 propheta.

63 3547 136 3605 iiam
151 3548 190 3605 ad
203 3549 331 3605 anitatent
355 3547 378 3586 ¹⁸
388 3552 447 3623 einr
460 3551 649 3626 pratitaunpee
662 3553 686 3588 ¹⁸
701 3556 784 3611 uirtus
807 3556 867 3611 uni·
954 3557 1001 3631 52.
1012 3555 1286 3627 Quidamerpaalant,
1296 3550 1567 3625 pniap'uatapnmante
1580 3546 1710 3603 redditam

61 3640 212 3697 anaihet
237 3642 409 3710 committer,
423 3651 448 3698 et
475 3646 510 3698 ad
531 3645 635 3702 divinar
652 3645 868 3715 illuminationes,
919 3656 1071 3703 cunctarum
1092 3643 1269 3699 intellectarum
1284 3639 1415 3697 uarietatis
1442 3638 1639 3706 definitionem,
1656 3649 1709 3689 non

58 3740 207 3804 puniant
219 3732 342 3802 partilile
356 3734 390 3801 ¹¹,
402 3734 593 3793 incessabiliter
605 3737 764 3804 extenditur,
778 3754 890 3794 recem·
919 3754 999 3793 anam
1012 3738 1082 3792 eirea
1096 3735 1182 3791 heum
1203 3734 1349 3805 primatem
1372 3730 1497 3786 mentitam
1520 3726 1637 3781 nemim
1656 3722 1711 3778 elo·

59 3824 135 3879 tam
145 3823 281 3894 rietatem,
294 3825 318 3880 ri
319 3825 425 3896 jartam
437 3836 474 3882 ert
486 3827 509 3862 ¹⁰
518 3828 614 3895 dicere,
629 3827 717 3883 diuina
728 3828 871 3884 imitatione
920 3829 1010 3899 poium
1023 3828 1053 3881 in
1068 3825 1181 3895 thealnpi
1196 3823 1376 3895 perpationem
1388 3819 1495 3881 umere,
1507 3813 1637 3888 tumim
1651 3826 1712 3868 im

56 3924 85 3972 el
100 3914 205 3971 divina
216 3916 396 3973 animatione
407 3917 429 3950 ¹*
441 3916 521 3989 dipna
535 3918 606 3988 faeta
618 3926 667 3974 eet.
680 3916 819 3986 Quamvis,
830 3919 871 3974 in·
919 3917 1108 3991 praestantiam
1118 3912 1361 3985 nohiranpelnram,
1373 3905 1714 3979 raemhrantemptophelat

55 4009 146 4081 quit,
166 4005 262 4062 divina
287 4005 458 4065 invisibilitas
474 4007 657 4085 superexaltet
682 4009 788 4075 amnia,
804 4015 834 4063 ut
848 4007 871 4042 ¹⁸
920 4010 1110 4083 perpationem
1123 4005 1261 4076 Seraphim
1268 4002 1605 4076 aenaimeationeaoeatem
1617 3994 1712 4067 sunm,

54 4097 293 4165 nnllaereatura
305 4099 339 4156 ah
353 4114 384 4156 ea
401 4100 510 4171 proprie
525 4099 616 4155 ualeat
633 4100 812 4166 denominari,
824 4115 873 4156 te·
921 4111 1027 4174 propter
1039 4101 1144 4171 ipnenm
1153 4108 1177 4154 et
1190 4096 1328 4154 caelestem
1338 4095 1470 4179 dictorem
1481 4092 1638 4150 allationem
1651 4106 1709 4169 pea-

54 4194 241 4247 rttmtamen
253 4203 427 4262 quaeeunque
438 4198 467 4246 et
480 4190 676 4263 qualiscunque
691 4190 777 4247 virtus
790 4188 872 4246 intel·
922 4202 1041 4248 catarum
1052 4201 1077 4245 et
1089 4191 1194 4261 perpati
1214 4189 1243 4244 in
1263 4188 1379 4244 diuinam
1389 4184 1561 4241 ohedientiam
1573 4181 1711 4236 resarcita·

52 4277 210 4339 lectualia
229 4288 257 4336 et
271 4280 408 4337 rationalis
427 4283 462 4338 ad
472 4282 602 4338 unitatem
614 4282 672 4354 ejus
684 4282 874 4340 uniuersaliter
923 4273 1513 4348 tionem.liano,dieit,qnaeationemquidam
1523 4269 1713 4371 raluntetpla·

53 4373 264 4438 convertitur,
275 4382 304 4428 et
316 4371 786 4446 adilluminationeaejus,quantum
796 4388 874 4430 erea-
923 4386 990 4429 nare
1006 4370 1137 4433 dieentes,
1153 4368 1215 4437 quia
1224 4364 1302 4435 iuxta
1321 4374 1385 4419 ante
1397 4361 1531 4416 redditam
1545 4356 1580 4413 ah
1592 4371 1643 4423 ets,
1658 4369 1713 4411 non

54 4477 164 4524 turae
177 4464 309 4534 possibile
318 4465 396 4534 ¹’eat
410 4466 595 4524 indesinenter
602 4465 765 4534 extenditur,
778 4482 875 4524 seeun-
924 4479 940 4519 a
953 4462 1041 4526 nobis,
1057 4459 1177 4517 emnium
1200 4454 1357 4512 caelestium
1378 4450 1562 4508 intellectuum
1575 4447 1715 4506 delinitio·

54 4560 145 4617 dum
159 4572 243 4614 suant
257 4555 391 4626 virentem,
401 4560 424 4615 si
434 4558 477 4616 ias
487 4558 641 4625 eetdieere,
656 4559 735 4631 digna
749 4558 820 4615 iacta
833 4567 876 4616 est
925 4570 988 4613 nem
998 4553 1182 4611 societatis-
1193 4548 1287 4605 dieunt
1301 4546 1385 4613 enim,
1400 4544 1472 4615 quod
1484 4541 1575 4598 cuncti
1584 4538 1716 4597 caelestes

56 4652 173 4708 divina
203 4650 354 4708 imitatione
378 4661 407 4708 et
426 4651 516 4708 divina
525 4649 725 4718 univocatione,
748 4652 874 4718 honest,
926 4648 1079 4705 intellectus
1107 4653 1198 4699 tantae
1221 4638 1361 4696 societatis
1386 4641 1459 4702 sunt,
1474 4641 1505 4690 ut
1527 4641 1673 4738 ettemnea
1687 4639 1717 4686 et

58 4744 175 4800 divina
202 4741 378 4798 tinnilitadine
405 4749 433 4798 et
461 4742 553 4798 divino
582 4741 701 4798 nomine.
728 4740 874 4799 lnellahilis
926 4740 1025 4812 singuli
1048 4738 1168 4796 omnium
1193 4742 1221 4790 et
1246 4730 1412 4803 singulomm
1436 4724 1666 4829 nominattomhus
1689 4729 1717 4780 et

59 4833 220 4907 siquidem
247 4833 355 4890 hainae
382 4833 511 4892 honitatis
537 4832 646 4905 largitas
674 4834 798 4891 omnihus
830 4834 874 4890 in·
926 4831 1107 4893 communiter
1127 4825 1335 4899 appellentur-
1345 4837 1399 4879 non
1413 4833 1497 4875 unum
1511 4831 1545 4873 ex
1555 4831 1621 4889 19⁸5
1636 4813 1717 4871 Sim·

724 4921 854 4983 ithus
871 4922 1076 4984 auctiones,

110 5021 123 5055 ⁸
148 5018 200 5076 Sia
213 5015 267 5085 hc,
284 5017 317 5075 Β·
337 5031 450 5091 pronao
462 5017 494 5073 ad
507 5032 598 5089 marg.
609 5030 680 5073 eurr.
694 5016 774 5088 jaare
787 5034 877 5089 qnam.
918 5016 1049 5087 tlt-pro
1068 5013 1168 5070 homini
1177 5011 1211 5067 ad
1226 5022 1312 5092 marg.
1328 5007 1419 5062 adeor.
1436 5000 1553 5090 eneam
1571 4999 1582 5032 ⁸
1601 4995 1719 5052 Cormh

65 5085 733 5176 metarunt&anpelernm(punet.adi.B'),
753 5086 1011 5160 cremationem,
1045 5087 1125 5142 itas.
1145 5098 1168 5138 s.
1216 5080 1290 5135 ‘Sne
1315 5077 1337 5134 C
1365 5087 1393 5131 et
1421 5087 1493 5128 carr.
1522 5070 1567 5134 tt,
1590 5066 1636 5120 AB
1657 5080 1719 5136 pta·
1811 5140 1818 5153 ι

63 5182 185 5253 phetes.
242 5160 542 5235 'A'id‘ent‘irnnmi
590 5176 785 5246 ‘Atnpernon
817 5178 845 5231 0⁷
863 5175 942 5235 Gerr.
962 5176 1006 5243 tt,
1032 5176 1078 5231 nit
1100 5172 1173 5246 qaid.
1212 5169 1296 5225 ⁸Prn
1315 5166 1405 5223 dimna
1423 5158 1580 5249 ohneurr‘tate
1597 5153 1716 5209 B‘eorr.

66 5252 194 5309 mamae
211 5249 366 5307 ohreuritati
380 5265 457 5321 paor.
494 5245 606 5317 ’Conj.‚
623 5260 772 5317 prorutam
787 5247 833 5302 tut
850 5256 899 5303 ert,
935 5245 1146 5300 ttomntmom.
1161 5240 1192 5297 B.
1227 5239 1325 5294 “Bam
1353 5225 1716 5313 ‚¹¹Cot.B.AB‘l⁸(¹⁶i⁸‘·

67 5324 95 5356 ¹⁸
120 5320 162 5375 Β·
179 5336 251 5377 enrr.
268 5319 449 5375 inmitationem.
497 5317 518 5349 ¹⁸
535 5316 565 5371 u·
591 5331 673 5386 supra
702 5318 792 5373 adscr.
818 5326 844 5371 et
865 5315 1068 5388 qualiscunque.
1104 5313 1127 5347 ¹⁸
1142 5310 1175 5364 Β·
1195 5310 1285 5365 adser.
1311 5314 1359 5363 ert.
1396 5301 1419 5335 ¹⁰
1433 5299 1592 5380 Rath-cort·
1606 5293 1627 5345 Β
1642 5332 1651 5357 »
1668 5304 1719 5361 ΡΝ

71 5393 82 5405 “
269 5388 345 5445 ΑΒ·
393 5407 420 5445 a.
472 5387 536 5442 ”tt
563 5386 733 5442 incuratione.
771 5386 852 5442 ¹'Sin
875 5385 1010 5443 Getrad.
1027 5398 1100 5439 eurr.
1125 5381 1162 5444 B,
1178 5380 1223 5435 ΑΒ
1242 5388 1300 5433 ortt.
1347 5375 1369 5409 ¹¹
1387 5371 1409 5427 B
1422 5366 1717 5448 paeanteerrnrnrae.

62 5402 193 5518 {gig
203 5398 452 5531 ttugtmffifpro
475 5455 584 5513 eatentir
595 5456 640 5510 All
656 5457 751 5511 extenti
764 5465 834 5511 rent.
870 5458 893 5491 ¹¹
906 5456 930 5510 Α
943 5453 1101 5517 lisoiensis
1118 5447 1371 5521 uliquelllraiar,
1391 5438 1497 5499 uielere
1514 5436 1622 5501 ubique.
1660 5427 1719 5485 ”A

65 5532 227 5607 mutam.
263 5529 456 5587 ''Rademn
476 5524 784 5597 B,tharret,Gipre.
819 5524 942 5581 eume.
978 5521 1179 5585 ¹⁸niaiom.ll,
1197 5508 1485 5589 armemanensis.
1520 5502 1586 5558 '‘B·
1602 5499 1719 5556 curado
1840 5534 1854 5559 .

67 5603 229 5659 maximis.
266 5599 410 5674 ”Aptae
444 5595 854 5675 “Alidnoppnrmilapophprh
892 5596 914 5630 ¹⁰
927 5590 1158 5653 SieCetearr.B
1182 5588 1227 5644 ts
1243 5583 1413 5659 responderit.
1449 5573 1526 5629 ”AB
1542 5566 1720 5643 ennaranti

65 5673 239 5745 ''ww''
844 5736 971 5796 nonus.

113 5826 136 5861 ι
152 5812 209 5872 Sia
237 5811 274 5878 h,
296 5812 320 5870 B
339 5830 396 5872 om.
425 5813 553 5878 titulum,
578 5811 610 5867 tt·
638 5816 790 5869 atramento
820 5810 909 5869 adeor.
928 5807 960 5868 d.
979 5820 1046 5879 atti,
1069 5803 1145 5879 eninr
1169 5800 1260 5862 titulae
1273 5807 1311 5859 eat
1324 5812 1406 5872 quare
1426 5811 1444 5853 a
1465 5785 1603 5861 Seraphim
1624 5779 1722 5877 thetim
1742 5834 1747 5843 .

64 5896 224 5964 perperna
237 5884 564 5959 [tituprophrtninaiat
1157 5893 1161 5901 ·
