4167 6625
112 574 170 642 bul
534 583 578 638 ltu
596 583 764 640 blvlsmlte
781 582 955 641 manuale.
973 611 1010 625 -
1026 580 1128 638 bibuli
1146 579 1305 638 Tubulus.
1680 586 1732 642 dte

114 692 184 756 crit,-
200 693 286 746 onmio
299 692 366 746 enim
380 692 408 746 in
419 693 504 763 teipso
516 710 595 749 aarum
606 696 770 762 uniformiter
781 712 900 766 procum-
912 696 937 768 Ἀ
951 698 1053 761 stione,
1079 695 1102 750 si
1132 693 1196 764 qnid
1216 692 1357 750 dimotum
1372 731 1380 755 .
1409 700 1436 749 et
1456 693 1593 764 inquirere
1618 706 1647 755 et
1669 714 1734 758 aue·

113 778 166 847 itit,
181 790 205 834 et
224 783 436 850 circumprendit.
462 783 508 839 llis
527 794 607 854 atque
636 784 786 854 hujusmodi
807 801 899 841 erem·
948 785 1012 838 rire.

110 868 169 942 plis
181 880 262 942 atque
279 881 287 910 ¹
303 872 462 927 testimoniis
484 874 510 927 in
525 890 606 928 nonum
626 875 761 939 collectis,
786 876 898 945 apertis·
982 874 1009 929 9.
1029 873 1098 930 lits.
1118 873 1247 930 Rationes
1266 873 1386 928 ournlum
1405 888 1516 942 rerum,
1531 877 1595 934 dum
1621 879 1648 935 in
1672 882 1730 951 ipsa

111 961 186 1019 sime
201 962 280 1016 datur
293 962 416 1034 intelligi,
436 965 525 1018 omnia
540 980 567 1019 ιιι
583 966 671 1022 Verbo
683 966 731 1021 iiei
746 981 798 1021 non
811 967 897 1023 solum
947 970 1044 1016 natura
1062 961 1157 1027 Verbi,
1169 978 1238 1032 (litte
1260 963 1493 1033 Stmtesieniiiiii
1515 975 1567 1030 θεῖ,
1579 966 1732 1040 intelligun·

111 1058 237 1115 aeterrra‚
252 1052 438 1107 verumetiam
457 1054 468 1084 ¹
493 1054 578 1124 ipsunt
596 1054 712 1111 Verbum
734 1072 803 1113 esse.
827 1059 899 1124 Quo·
949 1062 1003 1119 ιιιι,
1020 1061 1144 1109 aeternas
1167 1067 1227 1109 esse
1252 1053 1378 1109 arbitror.
1395 1053 1526 1124 Quicquid
1547 1058 1619 1112 enim
1634 1058 1662 1113 in
1676 1060 1733 1116 lieo

113 1140 190 1195 uiam
206 1156 268 1195 vero
279 1149 306 1195 et
316 1141 387 1196 iacta
401 1141 480 1196 simul
490 1145 590 1209 omnia,
605 1153 633 1200 et
645 1155 754 1200 aeterna
772 1160 832 1201 esse
848 1146 897 1201 ⁸in
948 1140 1037 1198 Verbo
1050 1143 1263 1198 substantialiter
1274 1152 1325 1209 εει,
1337 1144 1464 1214 opsonium
1475 1160 1528 1200 non
1538 1142 1609 1201 aliud
1623 1159 1733 1217 praeter

112 1229 204 1287 Verbo
219 1232 266 1287 Dei
280 1248 375 1289 sacrae
391 1232 547 1303 Scripturas
563 1236 724 1293 testimoniis
741 1237 897 1308 planissime
947 1232 1035 1301 ipsum
1046 1231 1164 1288 Verbum
1186 1241 1238 1300 iiis
1255 1243 1393 1290 aeternum
1417 1249 1480 1290 0⁵⁸0
1494 1250 1603 1291 necesse
1617 1247 1667 1293 est.
1691 1238 1732 1295 Ac

109 1318 278 1385 declaratur,
302 1320 420 1378 ioannes
445 1322 615 1394 Evangelista
638 1341 645 1378 :
672 1325 777 1393 Omnia,
799 1327 895 1396 inquit,
946 1322 1260 1391 perhonestissimum
1274 1324 1361 1394 ipsum
1376 1324 1543 1389 verbumst
1557 1325 1731 1396 multiplicem
1759 1344 1769 1387 ς

108 1424 159 1480 per
172 1410 257 1481 ipsunt
276 1412 347 1480 [octo
371 1423 444 1480 onor,
465 1422 489 1468 ot
512 1416 568 1470 otoo
592 1418 647 1485 tooo
659 1417 757 1487 goorooo
771 1427 808 1472 ooo
821 1418 895 1473 omit,
947 1410 1031 1465 totius
1044 1410 1227 1466 universitatis
1235 1411 1360 1466 conditae
1370 1411 1679 1484 principalissimamque
1688 1431 1734 1470 ra·

108 1500 896 1576 Fece,apertissimeiactaesseomnialnllerbodicit.sed,
947 1501 1048 1556 tionem
1061 1501 1088 1556 id
1110 1502 1198 1570 ipsum
1219 1516 1289 1558 esse.
1310 1500 1455 1561 Possumus
1468 1502 1549 1557 etiam
1563 1503 1604 1559 sie
1619 1504 1730 1560 dicere:

107 1610 145 1653 oe
160 1597 222 1668 quis
249 1598 416 1653 existimator
438 1597 463 1664 ι,
483 1598 554 1654 soora
580 1614 640 1655 osso
662 1601 845 1666 solummodo,
869 1609 898 1656 or
948 1590 1069 1662 Simplex
1080 1600 1109 1647 et
1118 1591 1257 1661 multiplea
1269 1605 1359 1646 rerum
1374 1594 1492 1647 ornnittnr
1508 1592 1731 1661 principalissima

106 1701 164 1743 non
181 1696 301 1756 aeterna,
315 1689 436 1759 sequimi
450 1706 457 1744 ε
471 1688 547 1755 Quod
561 1692 659 1760 [nerum
676 1700 712 1745 eo
723 1692 752 1746 tn
763 1691 830 1761 torn,
844 1690 897 1744 otro
950 1681 1019 1736 ratio
1040 1680 1112 1736 Deus
1125 1679 1243 1736 Verbum
1256 1690 1307 1737 esc.
1325 1678 1396 1736 Nutu
1411 1697 1426 1735 u
1439 1680 1551 1738 Graecis
1564 1683 1637 1756 time
1651 1699 1731 1738 vocu-

106 1786 178 1831 erot.
195 1778 235 1832 Ac
247 1778 269 1832 si
283 1776 406 1844 divisset,
420 1780 491 1847 quod
503 1779 605 1833 iactum
620 1788 671 1844 est,
686 1781 742 1835 sive
757 1780 783 1833 in
795 1778 897 1847 princi·
947 1780 1001 1837 tur,
1015 1772 1067 1827 h⁰0
1076 1779 1127 1836 eii,
1140 1771 1259 1838 lethum,
1273 1772 1314 1827 iil
1327 1773 1407 1838 ratio,
1418 1772 1460 1827 iel
1472 1778 1563 1827 ciiii·
1576 1773 1650 1840 liiiio
1662 1776 1731 1844 qumi

107 1868 215 1936 palibus
242 1870 340 1934 causis,
362 1869 420 1925 sive
443 1870 470 1925 in
493 1886 586 1925 earum
612 1870 762 1936 effectibus,
783 1871 810 1924 in
837 1871 895 1939 ipso
945 1863 973 1918 in
987 1878 1085 1935 graecu
1098 1864 1243 1934 Evangelio
1255 1865 1383 1920 scribitur
1393 1867 1429 1918 ¹':
1443 1866 1482 1920 'en
1494 1868 1568 1941 ἀρχῇ
1577 1863 1607 1925 iu
1621 1866 1634 1920 i
1649 1867 1721 1939 λόγος

110 1955 211 2021 Verbo,
226 1957 253 2012 in
273 1972 326 2026 quo
340 1960 457 2013 rationes
471 1961 589 2015 omnium
605 1968 730 2015 aetenrae
752 1969 826 2025 sunt,
840 1978 894 2015 vura
945 1964 1036 2025 potest
1049 1955 1242 2026 interpretari:
1258 1954 1293 2008 in
1303 1955 1431 2024 principio
1440 1967 1495 2010 erut
1513 1954 1635 2022 Verium,
1649 1957 1691 2013 vel
1704 1958 1731 2010 iu

105 2054 177 2101 erat.
196 2045 260 2100 llem
278 2046 289 2079 ⁸
304 2046 448 2116 Apostolus
467 2068 475 2100 ι
491 2047 525 2102 ln
545 2064 595 2118 quc
616 2057 704 2102 cneoto
722 2056 782 2101 suut
795 2049 893 2112 omnio,
908 2045 1078 2142 Bprincipio
1101 2056 1161 2099 erat
1187 2045 1271 2110 ratio,
1285 2044 1329 2099 vel
1351 2046 1378 2099 in
1396 2045 1527 2115 principio
1552 2055 1612 2100 erat
1638 2062 1730 2102 causo.

105 2154 176 2206 quoe
187 2147 248 2191 runt
261 2138 289 2192 in
306 2139 383 2193 coetis
395 2151 418 2193 et
437 2155 504 2209 quoe
517 2141 545 2192 in
556 2149 636 2205 terro,
655 2141 706 2194 sine
721 2140 831 2194 risibilia
843 2142 895 2194 sinc
948 2134 1132 2204 Quodcunque
1146 2135 1218 2189 enirn
1233 2134 1256 2166 '⁰
1272 2135 1367 2201 borma
1386 2134 1448 2204 quis
1461 2135 1571 2201 dixerit,
1586 2151 1602 2189 a
1625 2137 1647 2168 '¹
1660 2138 1732 2191 veri·

105 2226 258 2292 inuisibilim
272 2228 323 2281 rice
337 2226 503 2294 Thronium
512 2227 718 2301 Dominmioqeo,
729 2228 781 2281 rim
792 2227 895 2283 Princi-
948 2234 1002 2280 tate
1015 2241 1068 2281 non
1081 2224 1207 2280 deviabit.
1225 2224 1292 2280 Nam
1305 2225 1460 2295 unigenitus
1471 2224 1516 2279 bet
1530 2223 1615 2280 Filius
1627 2234 1655 2280 et
1667 2225 1733 2281 Ver·

105 2326 196 2385 potus,
210 2315 440 2382 mercionum
457 2318 544 2372 omnio
558 2333 591 2371 en
607 2317 663 2387 ipso
678 2327 701 2371 et
712 2334 759 2387 per
772 2318 856 2386 ipsum
870 2327 895 2372 et
946 2316 1009 2369 bum
1025 2324 1078 2378 εει,
1089 2323 1115 2369 ει
1141 2316 1218 2375 ratio,
1231 2322 1258 2368 et
1282 2330 1373 2369 eausa.
1392 2313 1510 2369 verinum
1534 2315 1654 2384 quidem,
1667 2315 1730 2384 quia

105 2404 133 2459 in
146 2404 204 2475 ipro
218 2415 305 2459 erecto
316 2415 386 2459 sunt.
397 2404 499 2461 Causas
512 2405 596 2469 enim,
607 2412 637 2460 ut
651 2403 689 2459 ait
702 2404 796 2460 beatus
810 2404 899 2459 liari-
945 2419 995 2474 per
1008 2405 1095 2474 ipsum
1105 2402 1176 2459 Deus
1187 2404 1268 2458 Pater
1285 2404 1354 2460 dixit
1367 2404 1424 2459 iteri
1438 2404 1539 2469 omnia,
1553 2403 1636 2458 immo
1648 2404 1732 2459 etiarn

106 2508 179 2558 utus,
195 2509 301 2559 eorum,
314 2508 383 2564 quae
397 2493 467 2548 laeta
485 2502 559 2558 sunt,
580 2492 703 2548 babens·
718 2502 780 2549 ante
803 2494 894 2548 secula
945 2496 1004 2565 ipse
1022 2503 1065 2550 est
1081 2494 1203 2550 ”Patris
1217 2494 1317 2560 dicere,
1332 2502 1361 2549 et
1380 2494 1474 2560 dictio,
1487 2502 1515 2550 et
1528 2509 1616 2550 sermo
1634 2495 1677 2558 ¹⁸3
1694 2495 1732 2549 si·

105 2585 333 2659 praesubstitutas
345 2584 485 2640 voluntate
504 2585 585 2650 bona,
603 2585 749 2639 secundum
762 2599 809 2639 eas
827 2584 892 2639 visi·
945 2597 992 2641 eut
1013 2586 1071 2656 ipse
1091 2586 1128 2642 alt
1152 2587 1180 2642 iu
1202 2587 1347 2655 Evurtgelio
1364 2605 1371 2641 a
1388 2584 1423 2639 iit
1446 2602 1540 2653 sermo,
1556 2603 1634 2656 quem
1655 2586 1729 2641 locu·

105 2674 189 2733 bilem
210 2682 239 2729 et
251 2673 411 2729 invisibilem
435 2688 469 2728 er
500 2688 553 2729 nou
577 2672 709 2728 existente
727 2674 737 2706 ¹
758 2672 895 2727 substituit
946 2688 988 2734 tus
1002 2696 1060 2735 rum
1073 2680 1155 2745 coin,
1170 2695 1221 2735 non
1234 2688 1270 2734 ert
1283 2697 1366 2743 orcus,
1379 2681 1423 2734 sert
1435 2681 1529 2749 ipsius,
1539 2681 1584 2750 orti
1597 2680 1666 2735 nrisit
1677 2697 1728 2737 me.

105 2770 278 2828 menmium
298 2763 402 2817 ratione
414 2771 441 2817 ει
455 2762 586 2832 sapientia
600 2763 747 2818 seeundum
765 2768 893 2832 opportu·
946 2766 1085 2838 Tanquam
1105 2769 1209 2825 diceret
1222 2778 1314 2841 aperte
1328 2786 1336 2824 ε
1350 2771 1416 2842 Ego,
1427 2773 1474 2841 qui
1492 2786 1552 2827 sum
1574 2786 1663 2829 sermo
1676 2772 1729 2827 Pa·

105 2869 169 2909 uum
184 2861 289 2923 tempus
306 2862 333 2909 ει
353 2853 427 2918 ιεειι,
443 2861 471 2909 ει
487 2853 563 2921 iacit,
579 2863 606 2910 et
620 2869 690 2924 quae
704 2854 894 2911 universaliter
946 2861 1006 2925 tris,
1023 2861 1070 2930 qui
1082 2861 1188 2918 locutos
1203 2877 1263 2918 sum
1283 2862 1369 2928 vobis,
1383 2878 1435 2918 non
1451 2878 1511 2918 sum
1530 2879 1615 2929 meus,
1632 2866 1678 2919 sed
1691 2866 1731 2920 lo-

104 2952 178 3008 suut,
193 2952 221 2998 et
233 2958 303 3012 quae
318 2958 366 3014 per
383 2945 651 3016 singula-causam
664 2947 771 3016 quidem
786 2947 893 3018 angelo
945 2949 1053 3018 quentis
1075 2952 1102 3005 in
1125 2966 1168 3008 tne
1180 2951 1278 3017 Patris,
1294 2959 1323 3007 et
1343 2966 1377 3007 er
1391 2951 1415 2984 '⁴
1429 2953 1540 3009 seeretis
1563 2953 1730 3011 substantiae

104 3048 165 3088 rum
188 3049 285 3090 ereans
299 3036 457 3105 produxisse
477 3038 612 3093 credimus
634 3053 743 3095 causum
767 3038 893 3094 uuiuseu·
944 3053 1009 3095 suae
1022 3039 1127 3095 sinibus
1138 3054 1181 3094 me
1191 3040 1334 3111 gignentis,
1348 3049 1375 3095 et
1383 3039 1478 3096 omnia
1488 3056 1537 3111 per
1547 3056 1598 3106 me,
1614 3044 1666 3101 bue
1676 3051 1728 3109 est,

100 3121 201 3195 iusque
221 3127 413 3198 complentium
437 3129 577 3194 mundum,
601 3130 646 3199 qni
665 3145 746 3199 super
766 3145 816 3186 uos
838 3137 892 3195 εει,
944 3131 1077 3200 gignendo
1090 3146 1133 3186 me
1153 3130 1286 3187 incientis.
1300 3131 1380 3187 Ratio
1394 3146 1470 3198 vero,
1482 3134 1607 3201 quoniam
1621 3134 1677 3203 ipse
1687 3146 1728 3191 est

104 3216 286 3270 essentiarum
309 3224 337 3272 ει
351 3219 491 3283 virtutum,
515 3219 646 3274 rationem
672 3219 823 3284 bominum,
849 3233 893 3272 ra·
943 3220 1064 3275 omnium
1077 3220 1223 3277 visibilium
1241 3228 1269 3275 et
1283 3220 1457 3277 invisibilium
1469 3223 1615 3292 principale
1634 3237 1726 3279 exem·

104 3305 228 3362 tionem⁸
243 3307 452 3382 uniuscujusque
473 3326 506 3366 ex
520 3310 575 3366 lteo
588 3326 648 3366 εεεε
660 3310 848 3380 accipientium
858 3339 894 3351 -
943 3309 1013 3379 piar,
1022 3310 1136 3382 ideoque
1150 3326 1167 3366 a
1179 3310 1290 3368 Graecis
1302 3312 1370 3377 idio,
1381 3313 1408 3367 id
1418 3321 1461 3368 est
1471 3314 1575 3383 speeies
1586 3313 1629 3368 vel
1640 3313 1728 3371 iorma

104 3397 132 3450 in
147 3410 179 3450 se
201 3396 287 3466 ipsum
304 3398 394 3452 omnia
414 3398 609 3470 recapitulans,
635 3399 687 3454 boc
705 3407 747 3454 est
767 3414 927 3492 consum-s·
944 3400 1094 3456 dicitur.1n
1109 3403 1168 3473 ipso
1180 3402 1252 3457 enim
1267 3401 1349 3456 Pater
1360 3401 1461 3468 omnia,
1476 3416 1546 3471 quae
1558 3403 1643 3458 voluit
1657 3403 1726 3470 beri,

103 3500 194 3551 mans,
208 3501 257 3556 per
269 3503 350 3558 quem
361 3496 389 3544 et
400 3504 471 3555 esse,
483 3498 511 3545 et
524 3504 693 3559 permanere,
708 3497 736 3545 et
752 3490 763 3520 ⁹
779 3504 811 3546 en
825 3505 890 3560 quo,
917 3470 928 3495 ’
942 3493 1100 3562 priusquam
1112 3487 1218 3557 dorent,
1229 3491 1296 3546 vidit
1306 3491 1440 3547 iacienda.
1454 3492 1542 3548 Causa
1554 3509 1660 3565 quoque
1675 3503 1726 3561 est,

104 3590 176 3646 quae
192 3576 281 3647 genita
294 3586 369 3644 sunt,
391 3586 521 3648 quantum
538 3579 628 3649 genita
645 3588 716 3644 sunt,
730 3581 799 3634 etad
812 3595 892 3649 quem
941 3581 1069 3650 quoniam
1083 3582 1240 3638 occasiones
1253 3582 1374 3637 omnium
1389 3582 1563 3639 aeternaliter
1575 3595 1603 3640 et
1625 3586 1728 3641 incom-

103 3664 195 3736 geuita
219 3675 291 3732 sont,
319 3670 453 3724 manentia
467 3676 495 3723 et
514 3677 586 3723 mota
612 3668 772 3738 participant
795 3669 890 3723 boum
941 3670 1147 3727 mutabiliterin
1171 3672 1231 3741 ipso
1244 3672 1404 3728 subsistunt.
1429 3671 1561 3739 Quoniam
1583 3674 1665 3744 igitur
1679 3675 1727 3731 liei

103 3755 201 3813 Omnia
216 3758 288 3810 enim
302 3758 475 3828 participant,
491 3758 562 3826 quod
575 3757 596 3798 ι·
609 3772 643 3812 ex
658 3758 712 3813 beo
726 3757 797 3813 iacta
815 3768 890 3824 sunt,
940 3757 1025 3814 Filius
1036 3767 1064 3814 et
1077 3759 1201 3826 verbum,
1216 3770 1244 3815 et
1257 3762 1335 3825 ratio,
1351 3769 1378 3815 et
1392 3771 1536 3827 causaest,
1552 3777 1605 3818 non
1633 3763 1726 3817 incon·

102 3846 338 3915 proportionaliter
350 3847 501 3912 bominum,
515 3847 572 3903 sive
585 3861 635 3917 per
647 3847 821 3910 butellecturn,
834 3848 892 3903 sive
941 3860 1037 3915 gruum
1047 3846 1148 3913 dicero,
1158 3848 1272 3917 simplex
1284 3849 1384 3903 etinse
1393 3847 1497 3903 induite
1504 3849 1642 3917 multiplex
1651 3863 1726 3905 erca-

103 3936 248 4002 rationem,
273 3937 329 3993 sive
349 3954 468 4004 sensum,
485 3940 543 3994 sive
565 3947 667 3995 motum
690 3939 810 4003 vitalem,
834 3940 891 3995 sive
940 3937 1183 3992 trixnniversitatis
1193 3938 1317 3994 conditae
1328 3939 1567 3995 ratioeteausallei
1577 3938 1726 3996 Verbum¹¹

104 4024 278 4080 essentialem
290 4035 318 4081 ει
331 4027 450 4084 babitam
465 4028 702 4098 opportunitatem,
715 4035 744 4080 ut
756 4042 854 4098 magno
863 4035 892 4083 ει
940 4035 992 4079 est.
1008 4024 1047 4081 be
1061 4025 1100 4081 sie
1121 4034 1289 4091 recurreret,
1303 4025 1351 4080 ltel
1367 4029 1480 4084 verbum
1496 4038 1538 4084 est
1559 4029 1683 4101 simplex,
1698 4041 1727 4088 ει

104 4116 197 4172 divino
214 4116 409 4173 manifestatori
424 4119 557 4191 {Dionysio
575 4117 680 4173 videtur
702 4117 889 4189 Areopagitae.
939 4117 1116 4175 inseindnite
1123 4118 1260 4189 multiplex
1270 4119 1388 4176 creatrix
1397 4120 1579 4179 universitatis
1589 4127 1725 4194 conditae,

104 4205 244 4264 bernlmm
259 4210 351 4279 itaque
364 4209 481 4265 bdelium
494 4210 592 4280 pieque
608 4224 712 4266 sacram
723 4208 890 4279 scripturam
939 4209 1053 4276 etratio,
1064 4217 1181 4286 elaeusa
1191 4210 1225 4264 ¹⁸.
1242 4208 1360 4281 Simplex
1366 4211 1554 4282 quidemquia
1566 4229 1656 4270 rerum
1668 4231 1726 4271 ona·

104 4296 324 4369 investigantium
337 4298 461 4355 dubitare
475 4309 583 4369 oportet
598 4301 632 4356 de
646 4315 679 4356 eu
693 4300 728 4365 ¹¹,
743 4299 815 4370 quud
833 4314 891 4355 orn·
939 4297 1014 4351 nium
1031 4296 1191 4354 universitas
1206 4299 1232 4353 in
1246 4298 1305 4368 ipso
1318 4314 1401 4354 unum
1413 4300 1578 4358 individuum
1606 4311 1633 4357 et
1654 4303 1725 4359 inse·

103 4385 148 4441 nin
166 4387 195 4441 in
215 4388 271 4446 Deo
285 4388 374 4444 Verbo
387 4397 415 4444 ει
428 4389 452 4428 ¹¹
465 4397 575 4444 aeterna
593 4388 674 4445 simul
686 4397 715 4445 et
727 4388 798 4444 iacta
817 4396 889 4444 sunt.
938 4387 1059 4457 parabile
1069 4395 1126 4453 est;
1140 4387 1183 4443 vel
1195 4396 1270 4443 certe
1281 4388 1417 4443 individua
1427 4397 1456 4444 et
1467 4389 1653 4458 inseparabilis
1666 4393 1724 4447 nni·
1777 4451 1795 4460 ⁴

103 4474 175 4536 Nam
186 4486 214 4532 et
226 4493 289 4534 vera
303 4479 371 4533 ratio
384 4486 412 4536 et
428 4494 523 4534 sacrae
536 4478 691 4550 scripturae
706 4480 853 4535 auctoritas
862 4481 890 4534 in
940 4485 981 4533 tas
991 4478 1112 4533 omnium
1125 4477 1172 4533 bei
1184 4476 1303 4532 Verbum
1314 4486 1366 4542 est,
1388 4479 1516 4547 quonlam
1530 4471 1617 4548 ipsum
1633 4483 1726 4539 omnia

102 4570 330 4629 bueunauimiter
347 4570 528 4636 consentiunt,
549 4579 577 4625 et
590 4586 643 4627 non
664 4571 716 4626 alia
734 4585 805 4635 esse,
820 4586 890 4641 quae
939 4578 990 4624 est.
1008 4566 1146 4637 liultipiex
1170 4581 1234 4623 vero
1248 4581 1306 4623 non
1319 4567 1456 4623 immerito
1470 4566 1629 4639 intelligitur
1651 4585 1723 4636 esse,

100 4669 301 4727 aeternamm,
320 4669 350 4718 et
368 4661 430 4727 alia,
444 4678 513 4733 quoe
527 4662 610 4730 tacta,
625 4663 889 4721 ιειιειεειιιειιιω
939 4659 1066 4727 quoniam
1090 4672 1139 4728 ner
1159 4658 1250 4713 omnia
1265 4657 1292 4712 in
1316 4657 1450 4713 inlinitum
1470 4657 1627 4715 diffunditur
1642 4661 1724 4728 ’κει

99 4755 182 4812 droul
192 4764 221 4810 et
231 4764 338 4811 aeterna
351 4763 379 4812 et
390 4753 471 4811 laeta.
483 4756 541 4823 Qua
554 4771 619 4812 vero
631 4757 653 4796 ¹⁸
665 4757 768 4813 ratione
777 4766 887 4815 aeroma
900 4778 926 4839 D
939 4751 997 4823 ipsa
1011 4748 1119 4806 didusiu
1133 4752 1309 4806 subsistentia
1324 4751 1444 4805 connium
1458 4760 1509 4807 est.
1524 4750 1639 4824 Attingit
1652 4755 1725 4811 euim

100 4855 165 4901 snut
176 4844 201 4879 ¹⁸
213 4844 295 4912 lacta,
308 4854 335 4902 et
349 4846 420 4902 iacta
433 4856 542 4903 aeterna
560 4847 583 4880 ¹⁸
600 4847 733 4918 possimus
747 4849 770 4887 ι’
788 4848 887 4905 intelli·
939 4843 1023 4899 nine
1037 4857 1121 4912 usque
1137 4842 1160 4873 ¹⁸
1179 4843 1212 4897 ad
1225 4842 1304 4898 durem
1329 4842 1445 4908 lortiter,
1469 4852 1499 4899 et
1523 4841 1641 4913 disponit
1663 4860 1726 4902 om·

99 4950 177 5009 gua,
198 4936 314 5007 exigisa
331 4951 374 4991 me
395 4952 451 4994 uon
473 4937 608 4993 immerito
623 4936 777 5006 explanare.
797 4936 889 5008 Siqui-
939 4936 983 4990 nia
999 4933 1128 4989 suaviter.
1142 4932 1207 4988 item
1222 4935 1248 4987 in
1261 4931 1388 4988 Psalmo:
1408 4930 1625 4990 totoctrercurm
1639 4951 1725 4993 mnne

100 5028 165 5085 dam
183 5028 212 5082 ld
231 5029 317 5098 ipsum
340 5039 480 5086 aeternum
498 5038 525 5084 et
545 5029 646 5084 iactum
663 5029 825 5096 subsistere,
843 5030 885 5084 vi·
938 5028 1005 5098 eius.
1017 5018 1175 5082 Sermonem
1183 5025 1276 5081 dieit”
1286 5025 1419 5096 Propheta
1430 5026 1539 5082 verbum
1547 5027 1645 5093 Patris,
1652 5029 1724 5098 quod

100 5116 182 5172 detur
195 5116 243 5172 tibi
263 5117 285 5150 ¹·
307 5133 388 5176 verae
407 5118 505 5175 rationi
523 5133 576 5173 non
600 5119 759 5183 convenire,
774 5109 809 5175 'et
829 5119 885 5174 ior·
938 5119 1069 5175 velociter
1097 5118 1183 5174 currit
1209 5132 1257 5188 per
1271 5119 1372 5182 omnia,
1389 5127 1418 5172 ut
1444 5119 1532 5175 omnia
1547 5120 1611 5174 sint.
1637 5119 1723 5190 ipsius

102 5207 185 5262 ιεεείε
202 5209 318 5263 nondum
330 5207 461 5280 socioso,
478 5206 611 5277 quomodo
621 5208 673 5264 bue
689 5209 840 5274 contendat,
852 5209 887 5264 ad
940 5210 1012 5263 enim
1023 5223 1119 5264 cursus
1132 5223 1181 5277 per
1194 5208 1285 5263 omnia
1296 5207 1433 5276 multiplea
1447 5218 1476 5263 et
1490 5207 1593 5263 inlinita
1603 5209 1724 5264 omuitnrt

99 5307 203 5368 pensan
219 5297 355 5370 dignosco.
382 5298 457 5355 brae.
473 5297 563 5370 incipe
581 5298 673 5368 itaque
692 5298 726 5354 de
739 5297 791 5354 bac
803 5310 887 5369 quae-
940 5297 1113 5354 subsistentia
1125 5305 1176 5353 εει.
1199 5295 1267 5353 illue
1280 5305 1391 5354 saneim
1405 5298 1547 5368 bionpsius
1565 5298 1592 5354 in
1606 5296 1724 5368 motula

742 5447 869 5505 vamme
887 5447 1088 5506 Lucltolllls.

139 5595 239 5650 tbue.
321 5597 464 5646 duantum.
479 5586 513 5643 Δ.
561 5587 687 5645 ‘crunt
733 5588 780 5644 ‘A
803 5573 1001 5647 nortmanos*
1010 5591 1052 5647 'C
1072 5589 1108 5644 lit
1123 5575 1331 5661 apostolis·
1353 5594 1405 5650 Pro
1426 5592 1523 5649 boiens
1551 5591 1719 5658 Aburnium.

106 5659 455 5719 'betnonrubsistentem
493 5657 787 5714 'Prorutionemdrt
835 5658 984 5714 'erorum
1032 5659 1236 5731 ¹⁰abeoquod.
1275 5664 1486 5718 stomoma
1533 5665 1590 5719 “et
1615 5669 1719 5728 omis.

107 5731 312 5787 fluentorum.
350 5729 492 5782 eurora.
530 5727 752 5797 ”pronuntiet
791 5727 1131 5784 “detinctastaeterna
1171 5732 1386 5803 ¹⁷Cporutmur.
1425 5733 1546 5789 “Anibi
1586 5734 1720 5794 ¹’ulteri-

110 5812 239 5862 mnmrat.
285 5793 388 5852 ¹‘eninr
408 5795 509 5854 amc.
544 5797 656 5852 ’scm
693 5797 881 5853 '’estomli.
921 5797 1150 5855 ”bserntoest.
1189 5800 1364 5856 ¹⁸euorn.li.
1402 5802 1722 5871 ''deicerbrmtomss

109 5871 207 5925 ‘icosi
223 5865 636 5924 rocrrrreret-etenurnonr.C.
674 5868 873 5938 ”ademauro
909 5867 1027 5938 ”utque
1045 5869 1142 5925 emb.
1183 5870 1330 5923 '’Adicit.

227 5964 361 6024 Parnon.
384 5961 512 6025 clixll.
1445 5967 1484 6032 21

1021 6038 1091 6056 edm
1134 6037 1214 6056 *hu-o
