4167 6625
75 428 124 493 etl
499 435 545 496 bu
563 438 735 499 utulstortu
753 437 931 501 detunsis.
951 473 986 485 -
1004 438 1107 499 LIBER
1126 440 1288 499 TERTlUS.
1657 443 1710 502 698

73 549 134 609 ιιις
148 538 392 613 ubieunquevero:
408 539 443 597 Et
455 545 527 615 sacto
543 557 581 604 eat
607 549 663 615 tua,
674 560 698 605 ιι
711 551 773 622 sarit
793 551 864 614 Deus
878 556 905 618 Α
917 554 1094 625 ponderatum
1113 553 1266 610 naturalem
1284 568 1362 609 srrrvm
1377 552 1471 611 sitnm'
1481 570 1535 613 non
1549 555 1648 612 sinitur
1660 555 1707 613 de·

73 632 277 705 immensas,
294 646 320 689 et
339 635 440 706 saetam
463 648 503 693 ιιι
518 640 566 705 ita,
580 641 727 698 earundem
751 641 867 713 prirnor-
917 661 1018 714 serere,
1041 647 1176 717 gravitate
1195 646 1305 751 Qasr
1324 645 1462 704 interioris
1476 647 1562 717 partis
1585 638 1711 717 superiu's

75 722 180 781 dialiunr
192 738 341 781 cansarum
349 726 376 781 in
390 726 502 785 effeetus
515 745 578 788 suos
590 747 639 803 per
649 747 748 804 genera
763 742 791 788 el
806 747 867 803 epe·
915 740 1082 803 ascendere,
1097 738 1207 797 levitate
1219 753 1285 796 vero
1296 738 1445 809 superioris
1457 737 1572 795 inferius
1584 738 1710 795 inclinari

54 815 127 905 tcies
144 816 359 887 processionem.
392 818 548 893 locavitque
572 821 645 879 Desa
671 824 866 894 paramentum
916 848 969 889 nen
982 831 1168 903 permittente.
1192 802 1310 886 smine
1329 829 1462 900 splendidi
1484 829 1585 887 coloris
1604 831 1733 886 videtur

75 906 180 963 raviam
190 905 275 962 iuxta
288 923 419 965 romanae
432 910 538 989 linguae
553 913 745 986 etymologiam
760 915 866 973 caelum
915 938 986 992 esse,
996 923 1042 994 qui
1055 899 1298 979 colormedbv's'e's't
1309 922 1711 995 interpallidumetrubrum¹¹,

74 996 169 1054 dicitur
186 1013 203 1053 a
219 997 330 1069 pictura
352 999 483 1070 siderum,
506 1005 585 1074 qnasi
602 1005 699 1062 caelati
724 1006 822 1073 instar,
837 1018 866 1065 nt
915 1022 1020 1087 partem
1045 1012 1158 1109 Qu
1181 1027 1216 1068 ex
1236 1013 1385 1083 palliditate
1408 1011 1566 1083 frigidorum
1590 1011 1712 1068 siderum

75 1088 160 1147 Plinio
187 1090 293 1162 placet,
324 1090 404 1162 Juxta
432 1109 498 1151 rere
520 1111 646 1168 graecam
673 1100 865 1172 proprietatem
915 1119 1008 1176 supra,
1019 1111 1124 1174 partem
1138 1117 1210 1183 Q
1216 1116 1250 1158 ox
1264 1101 1396 1158 rubedine
1407 1100 1555 1157 calidorum
1566 1114 1713 1171 corporum

73 1183 186 1259 virum·
200 1185 279 1254 euasi
292 1183 354 1260 ὅροι
373 1183 570 1269 rivmlnpgest,
583 1190 654 1248 risio
674 1191 865 1271 desuperQig·
916 1192 986 1250 inlra
1008 1194 1036 1249 in
1061 1193 1323 1264 contemperantiam
1350 1193 1372 1226 ¹²
1396 1192 1439 1248 sui
1463 1193 1615 1264 splendoris
1637 1191 1711 1248 acei-

75 1271 125 1327 rito
145 1286 161 1328 e
231 1272 435 1332 undamentum
458 1278 650 1335 universalium
671 1280 864 1339 elementorum
914 1283 1003 1355 piens.
1016 1281 1237 1347 Planctaerero,
1250 1282 1296 1353 qui
1313 1282 1459 1338 circaeam
1479 1281 1637 1349 volvuntur,
1653 1297 1713 1337 mu·

76 1366 293 1459 tipmn‘tht,
309 1367 414 1424 eaelum
430 1370 589 1442 appellatur,
612 1374 739 1443 quoniam
757 1390 865 1433 omnem
916 1382 976 1430 tant
995 1374 1102 1430 colores
1124 1374 1272 1430 secundum
1295 1374 1454 1445 qualitatem
1473 1374 1495 1408 ¹¹
1510 1373 1670 1443 spatiorum,
1683 1372 1714 1430 in

1773 540 1918 681 qao

1826 656 1944 743 7⁶0oe
1963 708 1976 739 a

77 1458 247 1530 compositam
259 1460 476 1534 corporeamque
496 1473 649 1521 creaturam
663 1466 805 1523 altitudine
817 1482 866 1524 na·
916 1467 1015 1540 quibus
1026 1466 1297 1533 disseminatorem
1309 1467 1380 1533 dico,
1393 1465 1555 1532 etlalartem,
1566 1462 1714 1533 Venerem,
1759 1486 1778 1523 s

76 1556 146 1604 turae
158 1553 357 1621 supereminet.
376 1553 457 1617 Sunt,
472 1556 517 1628 qul
530 1557 704 1615 tenuissimas
717 1574 803 1630 aquas
820 1574 866 1615 su·
916 1567 944 1615 et
956 1556 1137 1623 Mercurium,
1153 1572 1223 1628 quae
1242 1573 1351 1629 semper
1363 1556 1482 1614 circulos
1496 1572 1561 1613 suos
1582 1555 1656 1612 circa
1669 1569 1716 1614 se-

75 1657 123 1714 pra
136 1643 494 1735 bmamentum,Qt¹
509 1691 517 1716 ,
532 1666 615 1721 super
635 1652 734 1708 choros
745 1651 865 1709 siderum
916 1648 969 1706 iem
993 1658 1138 1722 peragunt,
1154 1651 1225 1707 sieut
1244 1649 1363 1707 Plateia
1378 1651 1490 1707 Timaeo
1504 1650 1607 1707 edocet.
1611 1648 1716 1741 Q

75 1747 132 1793 esar
141 1745 258 1808 potant;
275 1738 324 1795 sed
338 1753 387 1796 cos
399 1741 499 1798 refellit
513 1751 524 1782 ¹
537 1751 565 1799 et
578 1743 649 1800 ratio
663 1744 824 1816 ponderum,
837 1753 866 1802 et
917 1741 978 1797 ideo
990 1741 1054 1796 dum
1069 1755 1151 1811 supra
1163 1741 1251 1798 solem
1263 1748 1343 1806 suast,
1353 1740 1445 1798 claros
1455 1738 1602 1796 ostendunt
1614 1738 1715 1806 vultus,

76 1826 138 1884 ordo
161 1828 373 1888 elementorum.
395 1832 448 1889 stit
466 1849 532 1890 rere
549 1834 638 1897 uoluti
660 1835 671 1868 ³
694 1836 865 1907 vaporabiles
916 1808 1062 1887 {sumsero
1076 1829 1159 1897 inira,
1177 1831 1285 1888 rubros.
1309 1831 1473 1913 Nanigitur
1487 1830 1574 1901 pallor
1595 1830 1716 1886 siderum

76 1930 208 1991 mosset
220 1936 309 1993 paene
323 1921 497 1995 incorporeas
510 1940 592 1998 supra
602 1925 708 1983 caelum
722 1942 865 1998 argumen-
880 1935 905 1997 Β
918 1923 991 1994 cogit
1014 1938 1064 1980 nos
1086 1922 1249 1994 intelligere,
1264 1938 1352 1995 aquae
1370 1923 1535 1979 elementum
1554 1920 1609 1977 ullo
1633 1920 1717 1977 modo

75 2017 207 2079 moturos
218 2011 322 2082 pallore
334 2014 590 2073 stellarnmdllcnnt
599 2017 672 2073 enim
682 2019 705 2084 ⁸,
714 2018 805 2075 stellas
818 2018 865 2074 lri·
916 2029 999 2084 supra
1010 2013 1117 2070 caelum
1129 2028 1200 2079 esse,
1213 2014 1276 2068 dum
1290 2013 1347 2084 ipsa
1361 2012 1497 2089 palliditas
1507 2028 1540 2067 ex
1554 2004 1656 2068 caloris
1669 2009 1719 2066 ab·

75 2100 153 2171 gidas
165 2116 237 2169 ease,
253 2104 445 2185 ηιμ-’,ιρι
463 2106 594 2191 ιιιΙΙίᾱιιι
617 2108 752 2180 frigiditas
775 2117 866 2166 autem
915 2110 1002 2168 sentia
1016 2118 1156 2166 nascatur.
1173 2109 1375 2181 sedquoniam
1390 2110 1423 2165 de
1434 2110 1478 2166 his
1490 2109 1599 2182 longum
1612 2119 1654 2166 est
1667 2125 1716 2167 ex·

75 2206 130 2248 noo
153 2201 205 2259 est,
227 2202 257 2250 ut
277 2194 360 2275 aiom,
378 2198 574 2270 nbiaqusrum
596 2198 746 2257 subeuntia
767 2201 865 2257 deest:
916 2215 1029 2271 ponere,
1054 2188 1182 2273 quicquid
1204 2202 1225 2239 ¹⁸
1246 2203 1318 2259 ratio
1332 2202 1417 2274 erigit
1431 2212 1556 2270 naturae,
1573 2205 1717 2261 redeamus

77 2283 164 2341 rnlans
177 2287 383 2347 considerantes
392 2290 465 2362 quod
481 2292 588 2360 dicant,
602 2308 665 2349 narn
682 2303 711 2350 ιι
727 2294 773 2350 nbi
796 2294 867 2365 ignis
917 2292 1142 2441 an.
1158 2293 1194 2349 Et
1215 2294 1316 2364 foetam
1338 2305 1376 2351 eat
1397 2313 1500 2367 serpere
1523 2307 1548 2352 et
1568 2313 1645 2352 mnne
1678 2314 1716 2354 rea

79 2384 119 2432 est
135 2378 370 2449 substantialiter,
393 2383 430 2439 ibi
451 2393 478 2440 et
493 2383 637 2456 frigiditas.
648 2385 791 2471 §iqujdem
807 2403 868 2461 cry-
917 2402 986 2441 anas
1001 2386 1034 2440 ¹⁰·
1048 2386 1085 2440 Ea
1106 2400 1150 2442 ern
1163 2386 1352 2458 interpretatio
1365 2397 1418 2456 est,
1430 2403 1512 2460 quam
1524 2389 1585 2446 etin
1601 2389 1717 2460 ”primi

80 2467 188 2534 stallum,
200 2485 262 2527 cunr
274 2471 312 2528 sit
321 2471 435 2545 trigidae
446 2482 568 2542 naturae,
581 2490 676 2533 carere
687 2462 777 2534 ιιιιῖιιι
790 2478 868 2552 ignea
918 2474 970 2531 diei
984 2476 1467 2555 csnsnmmationerraedlrimus.
1493 2476 1623 2545 Quamvis
1646 2477 1718 2535 enirn

80 2556 262 2630 rirtute,quae
275 2561 369 2617 emnia
380 2571 505 2633 penetrat
515 2579 643 2636 corpora,
658 2566 749 2623 nullus
760 2568 868 2640 sapiens
919 2565 971 2621 alia
983 2566 1177 2636 contemplatio
1189 2576 1232 2623 est
1241 2567 1424 2638 spiritualium
1439 2566 1463 2602 ¹⁸
1474 2568 1568 2625 mrvrvdi
1582 2569 1719 2626 rationum

82 2649 182 2705 dixerit.
196 2649 280 2723 ignea
292 2652 461 2742 Quis,
482 2654 529 2711 nbi
551 2657 639 2724 ardet,
654 2657 730 2714 calor
744 2668 803 2725 est;
822 2658 869 2714 ubi
920 2653 948 2709 iu
963 2655 1184 2725 primordialibus
1198 2655 1297 2720 causis,
1313 2655 1365 2712 alia
1379 2657 1406 2712 in
1420 2656 1589 2728 simplicibus
1608 2666 1637 2714 et
1658 2658 1719 2715 uni·

83 2755 131 2795 nen
143 2741 235 2808 ardet,
249 2741 339 2814 lrigus
350 2752 407 2810 est;
423 2753 451 2802 et
463 2760 518 2802 non
532 2746 611 2803 ardet
625 2746 678 2803 nisi
693 2748 740 2804 nbi
754 2748 870 2804 materia
920 2747 1071 2803 versalibus
1081 2747 1231 2811 elementis,
1248 2748 1300 2803 alia
1324 2748 1352 2803 in
1374 2749 1532 2820 compositis
1545 2748 1719 2820 particulari·

71 2832 116 2921 'sit
133 2832 153 2899 ⁴,
172 2833 199 2889 in
221 2849 277 2906 qna
302 2835 408 2903 ardeat,
435 2844 463 2894 ιι
485 2852 567 2908 quam
581 2848 733 2896 consumat.
752 2838 871 2911 ideoque
920 2836 1024 2906 busque
1038 2836 1218 2906 corporibus,
1233 2852 1304 2892 unns
1318 2845 1409 2894 tamen
1422 2839 1547 2908 idemque
1559 2837 1714 2894 intellectus

67 2932 71 3023 ί
85 2924 178 2983 solares
186 2927 256 2984 radii
272 2943 322 2999 per
335 2928 464 2986 aetherea
480 2931 568 3001 spatia
582 2929 672 2988 diffusi
685 2905 868 2997 neeffle‘nt:
921 2933 965 2982 est
979 2926 1062 2982 totius
1075 2926 1167 2982 mundi
1183 2926 1379 2983 universitatis.
1402 2927 1438 2982 Et
1457 2926 1526 2983 haec
1539 2928 1672 3000 expositio
1687 2928 1714 2984 in

65 3040 68 3087 q
86 3014 111 3071 io
120 3016 293 3075 subtilissima
317 3020 390 3075 enim
406 3035 439 3076 ac
457 3020 468 3054 ¹
488 3021 621 3092 spirituali
643 3032 739 3080 natura
760 3024 871 3081 ninstidi
922 3017 1020 3073 ceteris
1035 3015 1060 3048 ¹⁸
1073 3016 1168 3072 diebus
1179 3015 1348 3073 observanda
1360 3027 1412 3082 est,
1428 3016 1582 3088 ubicunqne
1596 3017 1718 3089 interpo-

62 3092 68 3223 ἑ
86 3108 240 3165 matonam·
253 3125 309 3166 non
322 3112 471 3183 reperiunt.
482 3113 682 3173 Descendentes
700 3116 815 3174 autem·
837 3116 872 3173 ad
923 3112 997 3167 nitur
1010 3129 1017 3165 ι
1032 3110 1066 3165 Et
1081 3109 1181 3180 fortnas
1193 3122 1230 3167 rat
1244 3128 1346 3183 vespere
1364 3121 1389 3166 rt
1409 3128 1486 3167 mane
1502 3113 1557 3167 dies
1576 3129 1654 3170 sana.
1669 3112 1719 3169 Sat

86 3199 225 3268 corpulenti
238 3203 424 3273 aerisspatia,
439 3203 522 3261 veluti
540 3206 659 3284 quadam
675 3207 790 3264 materia
810 3221 873 3279 ope-
923 3203 957 3259 de
967 3202 1085 3259 secunda
1099 3202 1297 3289 Quotam
1312 3203 1432 3260 brevitas
1445 3202 1536 3275 exigit,
1549 3212 1592 3259 est
1603 3203 1717 3260 dictum.

86 3291 191 3348 nvtmn
212 3291 335 3361 terme,
349 3278 630 3369 amauritium,
642 3308 671 3356 ιι
689 3296 717 3356 tn
739 3308 871 3372 qsranvum
884 3290 908 3355 c
923 3294 996 3351 ussa.
1013 3293 1201 3366 summare
1214 3280 1381 3361 sitieram,
1396 3293 1520 3365 quamvis
1532 3293 1632 3359 uultis,
1647 3308 1680 3351 ae
1694 3292 1719 3328 ¹⁸

86 3382 115 3439 td
137 3385 274 3441 crassiora
294 3400 406 3466 corpora
429 3389 599 3460 perveniunt,
627 3390 654 3446 in
684 3399 789 3448 tantum
817 3392 871 3448 vim
921 3400 991 3456 pene
1002 3385 1128 3441 omnibus
1143 3375 1275 3457 ignotum.
1295 3383 1366 3442 bito.
1381 3383 1510 3456 Sequitur
1505 3398 1605 3462 Ego,
1629 3394 1660 3441 ut
1685 3387 1719 3443 de

86 3487 156 3531 nam
169 3475 293 3532 ardendo
308 3486 435 3535 exercent
455 3480 482 3536 in
502 3481 556 3546 hie,
578 3496 649 3551 qnae
660 3482 759 3539 calamis
771 3482 872 3539 virtute
923 3476 1002 3532 tertia
1015 3475 1061 3531 die
1078 3475 1194 3532 strictim
1207 3475 1338 3533 (limosus.
1356 3476 1430 3533 visit
1445 3486 1534 3533 aaran
1546 3477 1616 3534 [tear
1627 3494 1637 3534 .·
1650 3476 1720 3535 Con·

87 3564 231 3636 nituntur,
253 3568 297 3626 rel
317 3570 339 3604 ¹·
361 3572 428 3628 solvi
449 3583 572 3643 possunt,
595 3572 664 3631 burn
683 3591 748 3634 vero
763 3592 872 3634 sursum
921 3574 1061 3636 preparetur
1077 3564 1298 3638 oqvaeqtvaetrtl
1311 3565 1384 3620 caclo
1398 3576 1460 3622 tant
1474 3567 1502 3621 iu
1522 3567 1610 3622 locant
1624 3584 1716 3637 aranas,

87 3656 212 3714 mrsnsin
229 3665 353 3716 extrema
370 3661 461 3717 mundi
477 3661 618 3719 intervalla
631 3665 801 3732 tennissimq,
816 3667 873 3737 spi.
921 3666 946 3711 ιι
955 3664 1080 3729 appareat
1088 3657 1178 3723 odda,
1189 3655 1340 3729 samumque
1349 3666 1388 3712 eat
1398 3658 1446 3713 ito.
1460 3657 1718 3729 Deeougregatioue

89 3746 224 3821 ritualiqne
234 3757 350 3807 naturae
362 3753 487 3824 proxima
499 3754 650 3827 eriguntur,
667 3772 721 3813 nen
732 3756 873 3815 invenien-
922 3764 1054 3819 aquarum
1076 3749 1103 3806 5¹¹
1126 3749 1215 3804 l⁰⁰¹¹¹¹¹
1228 3764 1312 3822 unum
1328 3749 1419 3819 ⁰lll¹¹i⁰
1436 3747 1498 3815 5¹¹³,
1513 3747 1718 3819 quamplurimi

90 3840 265 3897 murtenam
278 3840 420 3913 flagrandi,
430 3843 534 3900 nullum
544 3844 796 3918 caloremlgignunt,
810 3846 872 3902 illu·
921 3840 1089 3911 expositores
1100 3836 1179 3905 liujus
1199 3837 1385 3907 Scripturaea
1405 3836 1434 3891 S.
1449 3834 1550 3891 linsilio
1564 3835 1717 3893 Caesareae

90 3929 234 4004 ιιιὶιιιιῑιιιὶι
244 3940 350 3988 tantum
362 3934 549 4004 operationem
559 3935 742 3992 ostendentes.
750 3935 871 4016 ideoqve
921 3932 1108 4005 Cappadociae
1120 3929 1245 3985 antistite
1257 3935 1393 3999 sumptam
1404 3936 1556 3998 sequuntur
1568 3967 1576 3994 ,
1592 3927 1719 3986 omnibus

89 4019 215 4086 ιιιιιιιιι,
226 4035 261 4078 ac
278 4022 301 4062 ⁸¹
313 4035 394 4092 pura.
407 4031 437 4078 et
450 4023 603 4092 spiritualia
618 4039 733 4096 corpora
742 4024 871 4081 caelestia
920 4033 983 4079 nota
995 4031 1049 4087 est,
1062 4020 1189 4092 quonlam
1195 4017 1379 4092 cogitantibus
1393 4033 1425 4074 ea
1440 4016 1569 4074 lactutma
1582 4017 1609 4051 ’⁰
1623 4033 1719 4076 occur·

89 4105 181 4165 ibidem
191 4113 336 4170 constituta
350 4114 440 4171 lucida
451 4125 515 4172 sunt
530 4130 647 4188 semper,
663 4117 762 4175 caloris
776 4127 870 4174 autern
920 4112 973 4178 rit,
991 4126 1062 4181 qnae
1076 4109 1210 4166 inlinitum
1224 4124 1367 4180 aquarum,
1386 4110 1507 4182 undique
1526 4109 1600 4166 circa
1616 4109 1716 4168 molem

89 4200 211 4269 expertia,
229 4217 263 4260 ac
290 4217 341 4275 per
360 4203 413 4260 hoc
436 4212 466 4259 et
493 4203 601 4277 lriglda,
628 4212 656 4262 et
677 4206 777 4278 pallida
809 4221 871 4263 esse
921 4211 1011 4261 terrae
1033 4204 1123 4260 adbuc
1138 4203 1284 4260 intormem
1307 4214 1335 4259 ιι
1359 4203 1522 4260 invisibilem
1548 4201 1716 4270 diffusarum,

89 4290 371 4382 moluntur.RQ
386 4295 496 4367 planeta
508 4297 554 4354 iile
567 4298 678 4355 Saturni
698 4299 809 4355 nomine
821 4315 870 4355 ro·
920 4297 1008 4369 spatia
1020 4295 1094 4352 aeris
1103 4305 1131 4351 et
1143 4295 1263 4352 aetheris
1281 4295 1371 4350 adbuc
1396 4293 1577 4365 implentium,
1589 4292 1718 4362 etprimi-

89 4389 173 4448 ertns,
186 4384 741 4455 quoniamobesissiderumviciousest¹¹,
753 4387 869 4461 pallidus
920 4388 992 4445 tirac
1002 4386 1071 4442 lucis
1080 4385 1182 4442 ambitu
1194 4382 1416 4457 splendentium!
1424 4381 1651 4440 tenuissimamac
1663 4378 1716 4437 reis

89 4472 230 4547 aldgidae
256 4477 281 4511 ¹⁸
302 4492 364 4535 ease
386 4478 505 4543 dicitur:
534 4478 623 4536 solare
646 4489 737 4538 autem
759 4496 868 4553 eorpus,
919 4480 959 4535 uti
979 4477 1134 4549 vaporalem
1152 4475 1332 4549 quantitatem
1358 4474 1439 4532 tertia
1459 4473 1503 4530 die
1529 4473 1560 4529 in
1577 4485 1661 4526 unum
1676 4469 1717 4526 le-

91 4560 146 4619 bana
167 4567 283 4624 mediam
305 4567 398 4624 mundi
429 4569 546 4640 spatium
565 4569 704 4640 possidet,
736 4580 868 4642 quantum
920 4587 981 4627 cnm
998 4577 1191 4642 congregatam
1206 4574 1344 4636 autumat;
1370 4566 1398 4623 iu
1422 4563 1609 4637 civius-medlo
1624 4562 1717 4619 llrma-

90 4652 227 4724 aiquidem,
240 4665 274 4714 ut
285 4657 363 4718 aiunt
380 4657 544 4732 philosophi,
560 4675 576 4714 a
592 4669 664 4717 terra
680 4662 714 4715 ad
729 4661 814 4717 solem
829 4662 871 4718 in·
882 4662 909 4725 D
921 4663 1044 4719 mentum
1064 4661 1165 4718 lactum
1187 4660 1271 4717 luisse
1292 4659 1412 4717 mcunda
1429 4658 1474 4715 die
1485 4659 1509 4692 ¹'
1525 4657 1624 4724 credit,
1636 4670 1719 4729 super

83 4716 267 4812 Most,
289 4755 425 4804 tantuma
445 4749 503 4806 sole
516 4749 538 4782 ¹⁸
560 4750 594 4805 ad
615 4751 715 4816 sidera,
738 4752 869 4807 medicta-
921 4753 994 4825 quod
1013 4753 1183 4822 superiorem
1198 4759 1449 4823 squarumpartern
1468 4748 1599 4822 suspendi
1615 4754 1716 4820 putat,

91 4841 137 4889 tero
155 4840 289 4907 quandam
304 4840 463 4912 intelligitur
473 4841 607 4899 obtinere.
631 4841 673 4898 db
697 4841 870 4901 inleriovibus
921 4844 1066 4901 interiores
1094 4852 1184 4900 autem
1210 4843 1368 4915 praedictae
1392 4839 1484 4913 abyssi
1509 4837 1668 4897 diffusiones
1690 4837 1718 4892 in

90 4923 156 4979 eninr
165 4930 472 5002 murtsenpnlentiam
487 4931 869 5002 quandam,asnperioribus
921 4949 1004 4991 unum
1027 4934 1168 5001 collectas,
1216 4949 1249 4990 oc
1274 4943 1326 5000 est,
1350 4930 1460 4989 intrn¹⁸
1474 4929 1595 4988 conclusi
1621 4929 1644 4962 '⁹
1662 4927 1719 4983 suls

90 5026 150 5068 sero
162 5016 323 5086 spiritualem
336 5020 513 5077 subtilitatem
529 5022 562 5077 ad
575 5021 776 5078 subsistentiam
791 5021 814 5055 ¹⁸
827 5023 868 5080 sui
920 5026 1060 5083 littoribus
1089 5026 1186 5084 oceani
1219 5026 1352 5082 ambitum
1382 5029 1579 5095 congregatas,
1613 5027 1643 5073 ut
1672 5031 1718 5087 ap·

91 5104 191 5175 recipit,
204 5122 235 5166 ac
247 5110 328 5167 vdnti
342 5111 497 5169 contrarias
511 5113 653 5184 utriusque
666 5113 759 5168 mnndi
772 5114 867 5183 partis,
920 5125 1030 5189 pareret
1052 5116 1148 5183 arida,
1175 5116 1306 5188 locusque
1331 5115 1388 5173 aeri
1410 5123 1438 5171 et
1461 5112 1566 5174 aetheri
1595 5110 1715 5166 daretur.

91 5175 403 5266 ttptriodsrideii‘eetet
418 5202 566 5267 inferioris,
582 5203 768 5276 insecolligit
784 5203 895 5285 quale,
922 5204 976 5261 Sed
1002 5206 1071 5262 haec
1100 5206 1212 5279 opinio,
1236 5204 1360 5266 mnsulta
1388 5203 1523 5270 veritate,
1551 5198 1645 5255 multis
1670 5211 1716 5251 ra·

93 5291 165 5355 ittet,
186 5267 497 5362 quafo‘r'n'oontentione
519 5291 743 5392 Quadam
767 5301 871 5350 statera
922 5294 1043 5352 tionibus
1067 5296 1175 5353 ridetur
1207 5294 1341 5362 titubare,
1372 5303 1401 5351 et
1428 5291 1628 5364 inconsequens
1657 5299 1719 5342 om·

693 5422 822 5482 leildE
840 5421 1041 5483 LECTIONES.

125 5556 244 5617 'Aba
279 5561 452 5634 'Crrleilrt
490 5560 591 5617 'edati
615 5575 669 5617 om.
693 5561 726 5615 Α.
766 5559 860 5615 ‘enim
882 5561 989 5614 om.lt.
1026 5559 1126 5615 Ἀιι.
1165 5559 1216 5617 Ἀ
1240 5562 1273 5617 ait
1298 5561 1418 5617 materia.
1456 5559 1547 5614 'sea
1596 5557 1716 5614 'Cmn-

93 5626 180 5683 '‘tim-
213 5633 354 5690 ’littero¹
380 5634 505 5689 Μαι.
544 5630 647 5688 ¹¹det.
685 5631 908 5686 ¹¹dearvieivm.
948 5628 1219 5686 ”Cilitraoooutuu
1241 5629 1527 5699 uicina..pnliidoet[
1542 5628 1619 5684 'idm
1659 5627 1713 5685 ”C

93 5701 187 5754 tantun
197 5701 284 5759 ιιιιιι.
324 5704 569 5760 uenenatas.
608 5700 836 5769 ”commane
876 5697 972 5755 ¹'Cin
987 5701 1216 5769 commorantia.
1258 5699 1468 5783 ''Aquolitntan
1507 5699 1529 5733 ¹⁹
1574 5709 1714 5771 quantum.

94 5761 284 5828 '‘bunum.
320 5775 343 5808 ¹¹
355 5774 384 5829 in
396 5789 452 5830 ona.
469 5775 501 5828 Δ.
539 5773 562 5807 ’¹
582 5772 880 5827 deorsammntienem.
918 5770 1211 5839 “amntemplatiea
1232 5770 1374 5825 'dtaulrant
1391 5771 1435 5826 ait.
1473 5768 1534 5828 ”G
1554 5773 1581 5826 in
1602 5769 1717 5836 millaio

95 5829 186 5895 ditbvm
221 5841 324 5903 ”bet
361 5844 385 5880 ¹⁸
399 5845 491 5902 deam
505 5843 640 5917 (utillime.
677 5842 699 5875 ¹³
713 5843 734 5896 Δ
749 5839 1130 5915 arrandodislartamlaiasr.
1167 5839 1192 5875 ¹⁸
1237 5841 1315 5898 inter.
1353 5840 1531 5900 ”discissi
