4167 6625
384 467 420 510 u
1090 435 1292 499 monemur

384 579 697 663 quitusurbemlam
713 575 820 639 sciunt
836 589 961 639 omnes.
988 584 1064 657 repes
1087 575 1216 639 nacitur
1231 574 1272 638 ab
1299 580 1379 655 trptr,
1407 574 1684 657 reformaturque
1708 591 1830 642 nomen
1860 578 2009 660 lanterna

383 714 438 771 er.
449 693 592 776 genitivo
632 701 703 775 tepet
727 707 816 756 mere
835 689 1029 755 minorum
1048 693 1161 757 eodem
1178 694 1287 772 ruodo,
1302 710 1367 776 quo
1381 696 1570 779 Grojuqcnn,
1588 712 1654 778 quo
1667 695 1799 762 nomine
1814 697 1889 779 ipss
1902 696 2010 762 Scottis

382 821 494 878 noster
507 813 538 875 S.
555 812 727 876 Maximum
747 811 883 875 honoret
897 811 931 875 in
944 812 1006 877 hoc
1024 830 1141 879 verear
1376 801 1379 806 ⁴

731 913 871 1019 tinisqrn
883 960 957 1006 amat
970 950 1085 1010 lernam
1097 954 1227 1028 pulchrae
1238 955 1351 1016 laudare
1363 955 1490 1031 soptim,

734 1038 776 1099 'la
789 1040 861 1138 legat
873 1044 998 1113 amrdna,
1012 1044 1129 1105 Uarine
1145 1045 1306 1122 Gramma.

423 1167 470 1232 lin
497 1170 782 1281 simplicissimam,
808 1192 946 1257 eamque
975 1175 1060 1244 ‘raud
1086 1179 1187 1247 dubie
1212 1199 1321 1247 reram
1338 1184 1433 1248 istius
1458 1186 1600 1250 nammis
1627 1187 1906 1270 explanationem.
1921 1190 2006 1268 Quod

380 1313 483 1377 quum
511 1298 643 1378 posteri,
666 1297 724 1378 qui
750 1295 934 1361 versionem
960 1298 1214 1381 descripserunt,
1231 1302 1339 1366 minus
1362 1303 1589 1385 intelligerent,
1612 1306 1646 1370 in
1673 1308 1840 1390 Brisoana
1867 1311 1954 1388 ideo,
1976 1320 2008 1377 nt

382 1415 524 1490 ridetur,
537 1421 720 1491 mutarunt,
737 1421 774 1478 ut
797 1415 838 1478 ad
863 1431 982 1480 nomen
1007 1417 1090 1479 Erin
1114 1417 1282 1482 alluderet.
1308 1420 1436 1497 Postea,
1455 1436 1555 1501 quum
1570 1418 1655 1484 haud
1671 1439 1743 1487 raro
1757 1443 1780 1487 ar
1799 1424 1897 1491 litera
1915 1429 2008 1509 magis

385 1535 421 1599 iu
433 1535 600 1617 iomramp
615 1536 727 1599 literae
738 1542 935 1611 exereretur,
947 1537 1004 1620 p'ro
1014 1539 1167 1620 lernqrna
1182 1539 1242 1604 riri
1252 1538 1338 1605 docti
1355 1540 1501 1622 legerunt
1511 1542 1666 1623 dracena,
1682 1542 1880 1622 Eripmmin
1890 1544 2006 1627 qulbus

381 1651 507 1715 nrimus
520 1651 588 1716 iere
606 1651 805 1717 trithemius
818 1648 924 1717 inisse
939 1653 1080 1720 ridetur.

420 1768 535 1849 ltaque
552 1769 756 1833 acutissimae
773 1768 917 1833 rirornm
935 1770 1103 1837 doctorum
1119 1774 1333 1857 conjecturae,
1349 1776 1564 1859 opinantium,
1578 1778 1736 1845 loannem
1749 1780 1889 1847 Scotum
1902 1789 2007 1849 eterra

379 1886 512 1967 ἔτρεπε,
529 1904 638 1969 epugo
652 1888 804 1966 uerrere,
822 1890 871 1954 rel
892 1907 932 1955 ex
954 1892 1036 1956 urbo
1050 1893 1126 1956 dire
1150 1894 1322 1959 oriundum
1336 1894 1450 1973 inisse,
1466 1903 1497 1960 et
1513 1912 1597 1978 quae
1620 1898 1749 1978 copiose
1765 1898 1854 1964 inira
1873 1901 1908 1964 in
1923 1917 2008 1965 com·

379 2008 578 2074 mentatione
603 2007 643 2073 de
669 2009 731 2074 hoc
751 2011 886 2076 nomine
910 2013 1076 2095 disputata
1098 2014 1320 2090 inveniuntur,
1340 2025 1374 2079 ut
1392 2034 1470 2081 rana
1496 2016 1710 2081 collabuntur.
1735 2019 1850 2100 Neque
1866 2019 2007 2085 hostete

378 2128 701 2211 praetermittendum
713 2146 785 2193 esse
796 2135 935 2206 uretur,
947 2148 963 2193 e
975 2131 1383 2211 scriptoribusaequalibns
1393 2133 1548 2195 loannem
1559 2148 1725 2212 nunquam
1741 2135 1808 2200 alio
1818 2138 2007 2218 cognomine

375 2244 441 2312 nisi
451 2245 541 2308 Secti
559 2246 607 2310 rel
621 2248 804 2329 Scotiqmoa
817 2253 995 2330 nominari,
1008 2271 1117 2336 nequa
1130 2254 1165 2317 iu
1177 2254 1343 2318 codicibus
1364 2272 1506 2336 uuquam
1522 2254 1674 2316 ioannem
1682 2255 1813 2318 Scotum
1826 2257 2005 2338 iniecerant

376 2383 440 2431 una
455 2375 487 2431 el
500 2370 699 2450 conjunctim
723 2373 802 2452 legi,
819 2373 890 2446 aed,
907 2383 941 2437 ut
965 2374 1166 2448 monuimus,
1180 2379 1236 2436 aut
1249 2373 1400 2434 loannem
1420 2371 1559 2446 Sectam,
1575 2376 1629 2434 ant
1643 2371 1798 2450 loannem
1810 2374 2003 2453 Irruperant.

373 2486 412 2556 ln
429 2488 529 2552 altero
545 2496 669 2555 tantum
693 2509 871 2557 carminum
889 2492 998 2556 codice
1013 2491 1168 2555 Vaticano
1184 2499 1215 2555 et
1229 2491 1263 2556 in
1278 2492 1372 2556 titulo
1388 2490 1547 2589 versionis
1562 2490 1799 2569 Ambiguorum
1825 2492 1860 2556 8.
1877 2490 2003 2557 Maximi

377 2607 557 2688 rppelialur
573 2610 710 2673 ioannes
725 2612 986 2692 sapientissimus,
1003 2612 1053 2675 rel
1069 2611 1259 2693 simpliciter
1271 2613 1419 2675 loannes.

418 2723 484 2786 Neo
500 2722 634 2791 obstare
660 2724 829 2802 ridentur,
856 2741 940 2805 quae
965 2741 1070 2806 nuper
1093 2724 1229 2806 scriptor
1255 2740 1437 2806 anonymus
1462 2724 1496 2788 in
1522 2726 1776 2809 Euryclopaedra
1796 2729 1852 2794 cui
1871 2727 1999 2792 titulus:

377 2840 642 2907 Kirclrmlenicnn
667 2843 743 2932 oder
769 2844 1015 2928 Enryclnpocdie
1039 2846 1095 2909 der
1121 2845 1337 2909 Callatiscben
1364 2844 1531 2924 Tneatopte
1555 2862 1617 2906 aon
1651 2845 1695 2909 ti.
1725 2845 1758 2910 S.
1790 2848 1917 2915 Wetzer·
1942 2843 2002 2909 md

375 2965 414 3029 B.
439 2964 534 3033 Write
558 2967 598 3031 V.
626 2968 764 3029 loannes
787 2966 900 3029 Scotus
913 2966 1051 3047 Eripere
1079 2965 1216 3048 objecit,
1241 2964 1328 3028 illam
1359 2963 1552 3028 sententiam
1580 2981 1683 3028 meam
1699 2982 1765 3030 non
1780 2968 1893 3033 miuus
1911 2983 2000 3049 quam

375 3094 556 3151 ceterorum
573 3085 702 3151 dubiam
718 3087 803 3162 esse,
817 3093 848 3150 et
862 3084 980 3152 limites
995 3087 1251 3170 coniecturarum
1270 3099 1334 3149 non
1353 3085 1520 3149 excedere.
1536 3085 1606 3148 lma
1624 3102 1700 3150 roro
1716 3090 1882 3154 sententie
1897 3095 1998 3154 nostra

373 3203 438 3266 sule
456 3179 604 3267 codicum
619 3202 745 3280 nititur,
762 3203 795 3266 in
811 3206 930 3286 quibus
944 3207 1081 3268 loannes
1101 3206 1254 3287 irrepere
1269 3202 1388 3268 diserte
1403 3210 1546 3268 vocatur.
1559 3203 1768 3284 Cognominis
1779 3225 1860 3273 vero
1875 3221 1999 3273 sensum

375 3343 445 3392 non
463 3325 658 3407 conjectura,
675 3327 731 3392 sed
747 3344 819 3391 rere
837 3326 925 3390 rerbi
940 3326 1156 3406 originatione
1172 3331 1341 3390 assecutus
1356 3342 1429 3388 esse
1443 3324 1522 3388 milri
1540 3325 1661 3388 ridoor.

417 3447 508 3510 uana
527 3461 603 3509 raro
620 3446 742 3527 optime
759 3446 916 3529 quadrent
935 3447 1031 3510 rerba
1046 3445 1211 3510 Prudentii
1228 3446 1356 3509 Scotum
1373 3444 1566 3526 increpantia
1590 3444 1730 3507 haecce:
1748 3441 1791 3502 Te
1817 3439 1920 3503 rolant
1940 3452 2000 3499 arr·

374 3570 462 3629 nium
478 3565 692 3629 remissiorem
705 3565 828 3631 unitim
853 3566 1027 3629 transmisit
1045 3565 1211 3642 Hibernia,
1237 3571 1285 3640 nl,
1309 3583 1386 3646 quae
1398 3562 1505 3626 nnllam
1519 3563 1633 3645 absque
1652 3572 1681 3625 te
1693 3564 1773 3625 arira
1784 3568 1925 3643 peterat,
1939 3556 1999 3620 tuit

239 3734 249 3747 .
375 3685 609 3750 eruditionibus
625 3685 788 3751 obtineret.
805 3687 870 3751 Nec
881 3687 949 3769 J‘am
967 3687 1133 3751 offendere
1158 3692 1275 3767 potest,
1291 3684 1378 3765 quod
1395 3681 1576 3746 Guilelmus
1592 3680 1895 3746 malmesburiensis
1911 3684 2000 3744 testa-

376 3815 439 3882 tur,
456 3806 490 3870 in
503 3804 613 3871 codice
629 3804 787 3871 versionis
799 3825 834 3871 se
849 3807 980 3888 legisse,
994 3808 1151 3873 loannem
1165 3806 1293 3871 Scotum
1310 3802 1711 3885 Hereliqenamnomineri.
1729 3802 1906 3884 Eretioena
1919 3796 1998 3861 enim

268 3898 271 3903 ,
374 3923 454 3988 nibil
471 3923 559 3988 aliud
573 3930 634 3999 est,
651 3923 715 3987 uisi
730 3924 915 4006 liriniqenn,
934 3926 968 3990 id
986 3933 1047 4003 est,
1066 3924 1221 3989 oriundas
1239 3944 1278 3987 rar
1292 3924 1395 3987 inania
1409 3923 1508 3998 Prin,
1526 3938 1610 4004 quae
1631 3925 1680 3983 est
1694 3916 1763 3980 iere
1780 3917 1891 3982 versio
1907 3913 1997 3978 latina

374 4049 523 4115 vocabuli
551 4050 720 4129 lorugene.
748 4048 921 4130 Eruliqrna
949 4054 1056 4113 eutem
1072 4056 1105 4113 et
1131 4046 1303 4128 Erinioena
1330 4045 1488 4126 scriptura
1515 4039 1661 4107 rodinum
1685 4038 1740 4101 rix
1769 4036 1944 4110 differunt,
1967 4032 1998 4096 in

374 4170 496 4254 quibus
514 4170 563 4235 arli
579 4177 610 4235 et
627 4171 675 4234 ini
691 4171 769 4235 satis
786 4176 932 4235 accurate
949 4167 1157 4233 conveniunt.

416 4300 433 4374 l
456 4297 504 4360 18.
527 4296 599 4362 tlia
613 4304 662 4362 est
678 4291 839 4379 quaestio,
856 4308 940 4373 quae
960 4287 1046 4353 haud
1072 4287 1181 4351 minus
1199 4283 1339 4349 virorum
1355 4281 1520 4347 doctarum
1534 4279 1663 4360 ingenia
1677 4296 1852 4353 excercnn,
1870 4278 1910 4342 de
1923 4274 1997 4338 libro

376 4422 511 4490 loannis
527 4421 624 4498 Senti,
642 4437 739 4502 quem
751 4416 853 4480 drSS.
868 4410 1073 4478 Eucharistio
1087 4407 1256 4489 scripsisse
1270 4404 1382 4467 fertur.
1395 4405 1439 4467 Ex
1456 4406 1666 4488 scriptoribus
1680 4411 1873 4490 aequoribus
1891 4406 1996 4468 tiaran

376 4543 571 4623 procultorem
596 4541 731 4606 loannis
747 4534 832 4600 Senti
857 4532 897 4597 da
914 4527 1116 4595 Enclraristia
1135 4522 1246 4587 nullus
1273 4530 1510 4589 commemorat.
1539 4525 1732 4590 ilincmarus
1754 4529 1841 4592 enlm
1860 4516 1995 4633 nonnisi

374 4685 513 4731 errorem
523 4664 711 4749 perstringit
724 4684 733 4723 a
744 4656 829 4742 qnod
839 4656 1065 4718 sacramentnm
1077 4644 1190 4707 altaris
1203 4660 1384 4706 nonnarum
1397 4662 1512 4725 corpus
1525 4652 1552 4708 at
1564 4663 1655 4708 aerea
1669 4647 1797 4726 nunquia
1810 4648 1853 4709 ait
1867 4634 1995 4708 Domini,

375 4789 431 4855 aad
448 4797 571 4851 tanturn
586 4786 735 4848 memorio
747 4780 814 4843 neri
829 4774 973 4858 corporis
988 4779 1016 4833 rt
1031 4768 1195 4851 sanguinis
1211 4767 1287 4849 ejus,
1305 4784 1444 4847 eumque
1459 4762 1537 4830 sa'tis
1552 4772 1661 4848 aperte
1678 4766 1795 4831 ioanni
1816 4763 1995 4842 scotigenae

375 4915 527 4995 imputat.
541 4908 664 4973 Pariter
677 4899 877 4969 adrevaldus
905 4892 1082 4958 monachas
1105 4887 1317 4955 floriacensis
1341 4885 1443 4949 seculi
1465 4886 1511 4948 tx
1541 4902 1636 4949 suum
1654 4902 1751 4967 quem
1770 4878 1996 4963 decerperent

376 5032 534 5112 sangnine
548 5023 678 5092 Domini
695 5023 814 5086 librum
830 5012 987 5091 condidit,
1000 5018 1111 5074 centra
1127 5004 1262 5088 ineptior
1286 5000 1420 5063 loannis
1435 5000 1525 5065 Sonti
1541 5000 1717 5082 inscripsit.
1743 5003 1917 5067 deibertus
1942 5006 1994 5057 sen

376 5151 528 5238 quisquis
542 5148 603 5214 luit
618 5161 800 5226 anonymus
816 5139 872 5205 ille
887 5135 1098 5209 Cellntianus,
1113 5108 1172 5212 qui
1199 5125 1308 5190 seculo
1325 5125 1358 5190 X
1383 5124 1423 5189 de
1446 5122 1666 5188 controversie
1689 5123 1899 5187 Paschasiana
1923 5110 1994 5177 seri·

376 5286 452 5363 psat,
469 5270 672 5341 eeterostere
688 5282 813 5340 omnes,
828 5261 886 5345 qui
901 5275 941 5324 eo
954 5265 1099 5337 tempora
1122 5251 1221 5316 libros
1235 5247 1274 5312 de
1288 5263 1422 5328 corpore
1436 5253 1468 5311 et
1495 5243 1652 5323 sanguine
1666 5241 1798 5306 Domini
1819 5234 1991 5359 ediderunt,

377 5401 558 5470 enumerat,
574 5399 717 5455 nostrum
725 5387 878 5448 loannem
891 5381 1022 5445 Scotum
1035 5368 1274 5458 praetermittit.
1289 5367 1415 5431 Primus
1432 5364 1562 5430 demum
1577 5361 1788 5442 berengarius
1803 5361 1992 5425 Turonensis

375 5528 511 5596 ioannis
526 5521 611 5590 scoti
641 5519 682 5584 de
709 5502 907 5578 Eucharistia
931 5492 1071 5574 libram,
1092 5492 1180 5560 unde
1210 5490 1281 5573 ipse
1308 5486 1522 5567 berengarius
1550 5486 1728 5569 pessimum
1749 5484 1991 5603 erroremsuum

377 5643 548 5718 hauserat,
575 5640 608 5705 in
634 5631 805 5699 bominum
832 5620 980 5690 notitiam
1007 5613 1171 5699 produxit
1197 5614 1312 5676 Postea
1339 5609 1400 5673 snb
1427 5606 1558 5674 nomine
1580 5606 1717 5673 loannis
1733 5605 1867 5673 scotiin
1889 5593 1992 5664 multra

378 5767 513 5851 synodis
527 5767 696 5831 damnatus
710 5765 760 5826 est
773 5757 867 5835 liber,
882 5749 1080 5823 conscissus,
1097 5750 1129 5810 et
1144 5741 1214 5823 igni
1234 5736 1447 5820 adjudicatus.
1472 5733 1559 5811 Quid
1573 5733 1695 5816 igitnrl
1719 5730 1803 5815 Nam
1828 5713 1940 5823 agnatii
1960 5706 1991 5772 51⁸

377 5890 501 5956 loaune
518 5888 611 5953 Scato
625 5884 827 5955 damnarunt,
844 5874 930 5960 quod
946 5872 1049 5955 ipsius
1064 5881 1178 5937 mnes
1193 5877 1259 5928 non
1275 5863 1342 5926 eret
1353 5862 1377 5923 t·
1982 5858 1985 5867 ⁴
