4167 6625
611 395 646 451 ΙΝ
664 390 794 452 ttotttltt
812 394 857 452 DE
874 387 1044 453 utttstortu
1062 391 1230 451 datham.

1644 381 1650 392 '
1682 372 1734 449 tos

101 509 179 564 airam
186 507 565 580 temporumohtincat,etittm
575 510 678 583 aliquot
685 511 787 582 iudicia
801 513 892 569 minus
906 518 934 577 Α
946 513 1112 568 uberrinnrm
1128 510 1257 565 historiae
1271 507 1402 580 Erigertae
1415 516 1574 579 apparatum
1588 507 1730 580 colligens,

103 601 197 673 iniqua
216 602 442 660 areceutioribus
467 605 522 661 lata
547 606 697 663 audiamus.
724 609 798 666 lnter
822 624 892 680 quos

103 699 165 763 post
179 702 272 748 uotum
285 692 417 749 'thomam
430 693 554 763 Galeum,
569 699 615 768 qui
628 699 761 771 Erigonae
778 703 904 758 acumen'

104 783 264 848 admiratus,
281 785 358 841 solus
371 785 510 857 hueusque
526 788 609 846 libros
626 791 660 847 de
682 792 816 849 divisione
838 793 895 848 edi·

102 874 144 931 dit
154 875 204 947 (a),
225 877 336 947 primus
359 876 406 932 [tr.
428 876 522 935 Petrus
537 879 615 949 lliurt
633 883 813 939 nominandus
833 891 894 950 est,

102 967 204 1032 banus,
234 972 347 1043 iugenio
366 973 532 1045 scientiaque
552 978 821 1047 praestantissimus,
848 978 895 1050 qui

100 1058 169 1115 olim
185 1059 276 1128 Soris,
287 1079 361 1119 nunc
371 1063 559 1138 Gopenhagiae
570 1067 768 1139 philosophiam
783 1083 895 1139 remque

103 1147 268 1207 litterariam
281 1151 476 1210 Germanmum
499 1156 588 1213 docet„
611 1156 657 1214 ille
671 1159 744 1215 euim
762 1159 853 1215 libello
866 1175 893 1215 a.

104 1239 176 1296 {823
188 1241 263 1297 edito
281 1243 330 1314 (l),
344 1244 378 1300 de
392 1244 529 1317 Erigcna,
547 1247 619 1317 quod
642 1248 759 1305 indolem
783 1249 841 1321 ejus
868 1257 896 1306 et

103 1330 290 1387 exeetteoriam
315 1334 342 1389 ln
367 1334 454 1392 lueem
470 1336 624 1409 famamque
637 1339 726 1397 denuo
748 1342 894 1413 provexit,

101 1423 204 1494 optime
221 1424 335 1481 meritus
346 1436 399 1483 est.
413 1427 501 1498 lljorti
516 1431 624 1500 quidcrn
645 1433 802 1502 opusculum
817 1448 896 1504 prae·

99 1520 144 1568 ter
156 1515 324 1584 prooemium
340 1517 368 1572 in
384 1527 441 1575 tres
456 1528 547 1591 partes
564 1521 703 1577 dividitur.
727 1524 755 1579 ln
780 1539 895 1594 quarum

99 1604 187 1674 prima
199 1607 318 1678 scriptor
331 1609 365 1664 de
377 1609 487 1682 origine
499 1611 539 1668 rei
553 1612 705 1670 litterariae
717 1613 895 1672 occidentalis

98 1693 176 1749 etde
191 1695 352 1755 Theoderici
367 1699 557 1773 hustrugotbi,
576 1702 664 1759 Caroli
680 1704 780 1776 llagni,
803 1704 894 1762 Caroli

97 1781 195 1850 Calvi,
217 1784 377 1860 ettrenique
402 1790 493 1864 llagni
516 1796 692 1864 temporibus,
706 1805 839 1865 quatenus
859 1799 893 1853 ad

947 604 1067 661 onmium
1082 601 1304 673 diligentissimus
1318 600 1351 655 de
1366 600 1543 671 temporibus,
1566 599 1666 670 qulbus
1678 599 1737 670 ipse

946 697 1047 762 floruit,
1061 705 1088 752 et
1102 697 1136 752 cle
1151 696 1193 761 iis,
1207 711 1277 766 quae
1298 696 1422 766 proxime
1441 702 1668 760 antecesserunt,
1697 694 1737 751 ite

947 789 1065 859 scripsit,
1081 797 1110 844 ut
1128 795 1280 858 appareret,
1301 787 1373 841 uude
1387 787 1510 844 doctriua
1529 786 1738 857 litterarumque

947 881 1060 937 scientia
1074 880 1101 934 iu
1116 893 1150 934 eo
1162 878 1326 934 manaverit.
1341 877 1398 933 Nec
1415 878 1506 934 miuus
1524 888 1652 933 accurate
1665 878 1737 935 idern

946 963 991 1027 ulr'
1009 970 1132 1027 eruditus
1151 968 1322 1026 efficientiam
1336 969 1474 1040 exprimit,
1499 984 1552 1037 qua
1571 968 1688 1039 Erigcua
1704 968 1739 1024 ad

947 1063 1124 1120 scholasticae
1138 1062 1244 1118 mediae
1257 1059 1354 1116 aetatis
1370 1059 1539 1130 disciplinam
1555 1068 1584 1114 et
1594 1060 1739 1132 mysticam

946 1162 975 1211 et
992 1154 1105 1225 logicam
1128 1153 1255 1217 valuerit,
1271 1153 1297 1208 id
1320 1152 1437 1208 interime
1460 1165 1553 1222 agens,
1577 1159 1606 1205 ut
1625 1152 1740 1221 probam

946 1247 1137 1318 integramque
1157 1245 1278 1300 auctoris
1294 1244 1380 1299 nostri
1403 1251 1520 1297 mentem
1541 1250 1622 1312 atque
1643 1242 1739 1296 ortho-

946 1340 1055 1394 doxiam
1066 1338 1232 1395 ostenderet.
1245 1336 1333 1405 Quum
1348 1351 1398 1406 pro
1409 1335 1462 1391 hue
1471 1332 1553 1403 hujus
1564 1332 1741 1403 praelationis

946 1428 1028 1485 nimis
1044 1427 1151 1497 longum
1168 1426 1248 1492 leret,
1264 1428 1287 1482 si
1301 1441 1334 1481 cx
1348 1425 1487 1498 praedicto
1497 1422 1577 1489 libro,
1592 1423 1638 1492 qui
1652 1430 1739 1492 syste-

945 1521 1027 1575 matis
1050 1518 1125 1574 Scoti
1151 1518 1262 1572 uberius
1286 1526 1314 1573 et
1333 1517 1456 1588 plenius,
1489 1529 1571 1585 quam
1600 1513 1740 1581 hucusque

947 1618 1079 1666 tentatum
1094 1616 1148 1673 εει,
1163 1607 1401 1678 repraesentandi,
1416 1605 1493 1676 quasi
1508 1604 1670 1674 prodromus
1686 1602 1737 1657 irat·

945 1700 1050 1757 bendus
1070 1709 1235 1775 cst,·omues
1258 1698 1367 1753 maximi
1391 1695 1597 1768 gratissimique
1611 1691 1752 1770 momenti

947 1792 1022 1847 lucos
1037 1793 1121 1848 etiam
1135 1807 1168 1845 cx
1186 1798 1264 1860 parte
1280 1798 1383 1844 tautum
1400 1789 1444 1843 hic
1466 1786 1577 1842 laudare
1600 1783 1739 1848 vettenus,

99 1886 159 1929 mut
173 1872 336 1933 litterariam
357 1883 570 1950 promerendam
590 1885 771 1954 pertinebant,
796 1886 895 1943 doctis·
909 1871 932 1931 B
947 1884 1104 1939 uuiversum
1126 1899 1194 1952 opus
1215 1881 1352 1946 omnibus,
1375 1880 1420 1950 qui
1442 1878 1505 1933 huic
1529 1877 1568 1933 rei
1584 1875 1741 1947 diligentius

100 1962 171 2019 sime
184 1964 241 2036 egit
255 1974 283 2022 et
295 1967 429 2040 Erigenae
443 1981 539 2027 narrat
551 1973 643 2027 vitam.
655 1975 746 2029 Altera
759 1991 823 2046 pars
838 1985 894 2032 tota
947 1977 1065 2041 student,
1086 1975 1227 2045 legendum
1243 1974 1366 2044 apprime
1379 1971 1584 2027 commendasse
1596 1969 1720 2024 sufficiat.

101 2053 130 2109 itt
143 2059 305 2126 exponendo
319 2060 508 2133 philosophico
522 2062 655 2133 Erigenae
680 2073 826 2135 systemate
850 2080 895 2121 oe·
983 2056 1127 2137 Eleganter
1150 2077 1177 2122 et
1199 2065 1275 2120 brevi
1291 2077 1417 2120 sermone
1435 2070 1533 2117 cuncta
1558 2059 1739 2131 complectens

101 2155 264 2216 minimest,
275 2149 412 2221 idemque,
424 2154 545 2222 quamvis
559 2153 680 2209 breviter
690 2165 716 2210 et
726 2157 893 2221 summatim,
947 2157 1028 2212 etiarm
1050 2156 1177 2209 tilbertus
1205 2153 1396 2221 llreutzbage,
1417 2151 1444 2205 in
1467 2151 1537 2203 alata
1561 2148 1739 2204 unirersitatc

102 2245 196 2294 tamen
209 2239 233 2294 si
249 2249 335 2297 totum
349 2243 490 2312 respicias,
510 2240 585 2299 clare
599 2257 727 2317 recteque
750 2248 894 2303 ailrrnrbra-
946 2248 1118 2319 Gottiugensi
1129 2245 1213 2315 judex
1226 2244 1409 2306 academicus,
1426 2242 1544 2309 scriptor
1560 2250 1614 2293 tam
1630 2238 1739 2307 iugenio

99 2337 159 2384 turn
177 2331 309 2386 continet.
322 2332 352 2388 ln
370 2334 448 2389 tertia
469 2345 549 2406 parte
560 2337 732 2408 philosophia
747 2339 895 2395 christiana
946 2356 1027 2413 qrram
1044 2355 1110 2409 pura
1133 2337 1231 2392 ruentis
1245 2316 1394 2391 intentione
1411 2330 1622 2402 deplrilosopbia
1636 2329 1739 2399 optime

97 2434 152 2490 qua
168 2423 273 2479 ratione
287 2425 377 2479 inedia
392 2435 481 2482 aetate
495 2443 544 2498 per
564 2428 742 2484 scholasticos
768 2431 896 2487 doctores
947 2432 1068 2492 meritus,
1084 2431 1111 2484 iu
1127 2431 1196 2484 libre
1211 2429 1243 2482 ad
1258 2427 1407 2497 marginem
1432 2424 1541 2477 laurlatn
1560 2423 1595 2494 ic)
1618 2423 1739 2492 singulas

98 2520 125 2565 et
145 2510 377 2584 subsequentibus
395 2515 495 2572 seculis
518 2531 569 2588 pcr
590 2520 757 2574 recentiores
778 2519 897 2589 pitiluse·
947 2537 1070 2594 quasque
1083 2519 1241 2590 Philosophi
1262 2518 1348 2572 nostri
1363 2517 1488 2579 virtutes,
1502 2524 1630 2585 tanquam
1644 2512 1741 2568 altiore

97 2603 169 2673 phos
178 2605 212 2659 ad
224 2615 348 2661 nostrum
359 2622 550 2678 usqueaetunr
561 2609 723 2675 excultasit,
733 2611 894 2679 explicatur,
947 2616 1064 2686 quaedam
1079 2614 1175 2683 spiritu
1193 2612 1316 2676 ablatus,
1331 2610 1420 2682 dignis
1435 2608 1559 2662 laudibus
1582 2605 1660 2662 eiiert
1676 2623 1683 2657 :
1700 2605 1741 2659 in·

99 2704 129 2749 θῑ
154 2705 289 2762 sanctam,
316 2699 389 2768 quod
403 2700 562 2756 sortitaest
583 2717 693 2765 monos,
723 2703 895 2772 proponitur.
948 2707 1035 2763 dolent
1056 2707 1171 2761 diciorus
1192 2705 1326 2773 Erigenae
1352 2701 1470 2756 nativam
1493 2708 1520 2754 et
1542 2697 1741 2759 luretrtricem,

101 2786 243 2858 scriptor,
279 2788 412 2845 llamanni
437 2792 605 2865 Baaderique
636 2795 760 2859 arnicas,
789 2796 815 2848 iu
846 2804 898 2849 tra·
948 2794 1309 2866 actiones,proirtuditatem,
1323 2791 1523 2863 philosophiam
1539 2806 1601 2844 rere
1614 2787 1742 2841 christia·

100 2882 200 2935 ctamla
225 2881 412 2953 philosophiae
437 2885 552 2942 historia
578 2901 611 2941 ex
634 2896 712 2958 parte
726 2886 896 2943 dialecticam
948 2905 1021 2952 trata,
1040 2885 1173 2943 secationis
1190 2884 1416 2954 pulchritudinem
1429 2882 1664 2949 altitudinemque,
1675 2893 1740 2933 eru·

99 2967 205 3039 llegclii
221 2981 354 3041 sequutus
376 2983 418 3029 est
444 2976 613 3030 methodum.
632 2975 731 3044 Quanti
748 2955 827 3032 t'ero'
838 2976 897 3030 Eri·
947 2981 1088 3041 ditionem,
1110 2991 1206 3030 seusus
1229 2974 1373 3044 puritatem
1386 2982 1413 3026 et
1424 2970 1594 3034 diuinitatem
1610 2970 1742 3039 Spiritus·

100 3077 173 3131 gena
199 3062 396 3135 philosophans
419 3082 513 3123 sacrae
546 3059 706 3138 Sc'ripturae
733 3079 760 3123 et
788 3068 896 3122 l‘atrum
948 3062 1241 3135 lisaropropriaru(qua
1258 3058 1741 3131 illequidcmceleberrimuomrtiunr

102 3156 300 3210 anctoritatem
313 3155 427 3222 iecerit,
444 3159 529 3213 eidem
544 3157 630 3229 probe
643 3168 670 3213 et
683 3174 716 3213 ex
728 3160 841 3213 veritate
851 3174 896 3214 eo·
948 3167 1060 3229 pernae,
1089 3157 1194 3222 Dante,
1215 3157 1273 3210 siro
1288 3171 1340 3209 riou
1358 3155 1482 3218 rttirrare,
1502 3169 1583 3223 quam
1608 3167 1678 3222 quae
1702 3150 1742 3205 illi

101 3242 214 3314 guitum
237 3254 324 3316 atque
346 3246 508 3302 intellectum
525 3248 622 3315 luisse,
639 3249 714 3315 loco,
729 3251 828 3320 quode
845 3219 933 3306 baec
949 3251 1078 3324 curatigit,
1104 3248 1203 3320 iniuria
1224 3263 1272 3319 per·
1291 3247 1401 3318 longum
1418 3255 1524 3317 tempus
1548 3245 1639 3314 inique
1661 3242 1744 3298 aesti-

102 3350 136 3391 re
154 3336 344 3405 pulcherrime
353 3340 418 3410 agit,
434 3340 500 3396 satis
513 3350 635 3411 apparet.
654 3341 696 3396 Cf.
709 3357 769 3412 pag.
783 3341 816 3396 l'l
837 3357 895 3413 seq.
949 3352 1023 3397 mato
1049 3357 1081 3396 ac
1104 3339 1227 3410 neglecto
1250 3338 1394 3394 assimilat-i
1420 3336 1544 3409 potest);
1576 3345 1741 3405 postremum

103 3426 222 3494 erotlsi
241 3428 364 3499 lljnrtum
384 3429 477 3494 audis,
497 3430 738 3503 Erigenaeplacita
758 3431 824 3487 nibil
845 3432 898 3487 uisi
949 3445 1068 3506 systema
1100 3430 1298 3503 panthcismum
1321 3428 1445 3498 quamtis
1473 3428 1623 3498 attingente,
1653 3434 1743 3478 taurea
1783 3486 1786 3497 .

99 3520 319 3592 philosophicam
348 3522 411 3578 lidei
434 3522 600 3578 christianae
623 3522 754 3579 exhibent
781 3522 899 3593 explica·
950 3523 1133 3583 er'eatiauistui
1153 3521 1221 3577 hares
1235 3520 1308 3576 haud
1321 3518 1532 3591 transgrediens,
1547 3532 1634 3587 neque
1648 3513 1743 3571 discri-

101 3612 223 3681 tiooem,
251 3614 358 3669 ratione
377 3633 387 3667 ι
405 3623 490 3680 recte,
510 3615 554 3686 pie
572 3625 600 3671 et
622 3615 756 3671 catholice
777 3614 898 3686 pbiloso·
951 3632 1022 3682 taren,
1045 3615 1117 3686 qued
1132 3614 1203 3669 iuter
1214 3612 1372 3668 Creatorem
1393 3619 1420 3666 et
1439 3619 1592 3667 creaturam
1608 3608 1742 3672 interest,

102 3704 215 3776 phantis
231 3724 242 3759 ι
260 3717 409 3775 repertam.
950 3707 1005 3764 ullo
1028 3708 1108 3762 mode
1130 3704 1279 3760 resolveris.
1305 3703 1406 3758 iterum
1422 3702 1495 3758 euim
1514 3717 1579 3757 vero
1603 3700 1661 3769 ipsa
1685 3699 1744 3770 ejus

140 3795 223 3868 (Peg.
243 3794 325 3868 titt.)
350 3795 449 3852 Verum
474 3796 559 3853 multo
585 3796 781 3868 praestantiora
806 3810 900 3852 couse-
950 3803 1053 3867 verba,
1080 3815 1193 3871 quorum
1226 3797 1386 3868 elegantiam
1413 3794 1495 3850 latine
1532 3793 1684 3862 exprimere
1715 3801 1742 3844 et

102 3898 206 3959 quutus
232 3899 275 3945 est
305 3890 347 3945 rir
373 3889 486 3947 illustris
515 3891 648 3947 bautonius
680 3887 898 3955 Staodenmaier‚
951 3895 1062 3950 ornniuo
1085 3892 1197 3946 reddere
1213 3890 1258 3945 vix
1273 3888 1379 3961 possis,
1403 3887 1484 3943 liccat
1508 3884 1659 3940 nobishoc
1681 3883 1742 3938 loco

104 3979 259 4053 theologiae
273 3981 423 4037 catholicae
448 3997 521 4037 nune
539 3983 566 4037 in
585 3980 761 4036 universitate
784 3980 896 4036 l'ribur·
951 3985 1117 4042 temneret:

104 4071 184 4142 gensi
205 4070 355 4141 prolessor.
367 4071 430 4172 'Qtri
454 4068 575 4127 in'liltro
600 4071 657 4142 jaan
680 4084 760 4142 supra
785 4069 894 4126 laudate
990 4074 1113 4140 illesus,
1127 4073 1198 4129 mein
1210 4070 1499 4135 lieberFrcund,babe
1513 4070 1556 4127 ich
1568 4072 1620 4126 ileu
1635 4068 1741 4126 klcineu
1818 4050 1820 4055 ,

146 4182 186 4265 tol
202 4181 315 4239 Jooom's
338 4183 409 4240 Sceti
431 4182 561 4255 Erigonae
587 4183 619 4237 de
640 4181 767 4236 diuisione
792 4190 903 4236 naturae
952 4187 1045 4259 Beros.
1063 4185 1119 4242 llon
1150 4186 1196 4240 llr.
1222 4185 1308 4241 Peder
1322 4184 1409 4254 lljort,
1434 4183 1508 4239 Prot.
1528 4186 1577 4240 der
1594 4183 1743 4239 deutschen

110 4252 173 4336 {¹3ss
198 4253 333 4323 patique,
356 4255 400 4309 dl!
419 4255 593 4309 (solidemin-
609 4251 705 4308 0¹0¹lii
721 4267 747 4304 ²·
763 4251 841 4305 1⁰8¹·
858 4249 899 4304 Cf·
953 4258 1090 4313 Literatttr
1104 4258 1130 4311 itt
1146 4257 1224 4311 sore.
1242 4256 1434 4328 Kopettltageu,
1450 4255 1528 4310 toas.

110 4323 177 4379 thid.
189 4338 217 4393 p.
230 4323 249 4378 8
262 4324 475 4380 testimoniorum
488 4324 516 4378 in
530 4323 605 4379 Galei
621 4320 797 4392 praelatione.
990 4327 1024 4398 (c)
1042 4327 1240 4396 liittlnilunqen
1260 4328 1322 4380 tter
1343 4326 1393 4379 den
1414 4324 1532 4394 Eintirns
1554 4326 1602 4379 der
1622 4321 1741 4377 Philoso-

144 4391 182 4464 (ὃ)
194 4392 287 4447 lobon
299 4391 392 4449 Scolttt
405 4394 454 4449 Ert'
472 4411 532 4457 eoo,
547 4393 610 4448 odet·
620 4407 669 4447 voti
684 4391 743 4445 dem
765 4386 902 4459 Ul'otlrtmd
970 4398 1012 4451 ltie
1022 4395 1073 4464 eus
1080 4396 1122 4448 die
1136 4394 1330 4466 b'nttoielrelnnp
1339 4396 1384 4448 des
1392 4396 1486 4448 irritem
1493 4393 1601 4448 helene.
1610 4393 1743 4458 dimeter,

108 4463 183 4520 sarr
208 4463 377 4519 christlichsn
401 4412 571 4534 sotiosque
598 4462 653 4516 aad
684 4460 765 4515 ihren
791 4459 903 4529 heiligen
953 4415 1163 4536 hei'rheissiug,
1180 4464 1246 4520 1851
1264 4481 1324 4535 pag.
1340 4464 1464 4533 hlhscq.

142 4576 212 4633 *ΕΗ
225 4577 305 4633 5⁵¹i¹¹⁸
316 4576 444 4658 ‘liiidie
464 4575 615 4631 versionem
628 4575 750 4657 {olibama
764 4587 817 4641 qua
836 4587 899 4627 ⁸0¹¹·
912 4570 939 4632 D
953 4582 979 4637 in
992 4580 1040 4635 liei
1051 4587 1176 4633 naturam
1189 4575 1434 4648 intelligendam,et
1448 4576 1474 4630 in
1483 4574 1670 4642 explicandam
1682 4590 1744 4631 seu·

108 4662 168 4705 tom
181 4648 306 4705 tttclotis
319 4649 396 4704 nohis
408 4647 524 4701 ossoouh
537 4660 597 4701 osso
612 4645 735 4699 Vtilettltll
750 4660 755 4696 :
952 4652 1064 4708 tentiam
1102 4646 1302 4702 ratimimururn
1326 4648 1495 4716 ‹qrtorarndant
1513 4646 1686 4701 Christianae
1703 4661 1746 4701 re·

146 4717 271 4783 ‘Rodios
294 4717 380 4772 ²⁰¹3oe
406 4717 556 4777 carissimo.
573 4715 648 4771 Scoti
661 4713 792 4784 Erigonae
808 4712 841 4766 de
854 4711 901 4765 bt·
952 4720 1061 4794 ligionis
1074 4666 1255 4781 decretorum,
1272 4718 1396 4787 denique.
1413 4727 1441 4770 ut
1455 4716 1572 4770 breviter
1586 4717 1684 4779 dicam,
1701 4715 1743 4770 iu·

109 4788 208 4845 sidem
232 4798 346 4842 „merae
364 4786 490 4868 colonien
505 4785 620 4849 absolvi,
635 4793 716 4853 atque
732 4782 903 4852 laudoprae·
953 4800 1063 4847 veritum
1089 4787 1248 4844 recentioris
1272 4788 1456 4859 philosophiae
1481 4785 1561 4842 facile
1585 4787 1745 4856 primarium

111 4859 225 4931 oleoque
239 4872 346 4921 casum.
357 4858 404 4927 eoi
418 4856 484 4911 mim
498 4854 666 4926 praeclarum
682 4852 746 4909 tttut
762 4860 789 4908 et
809 4866 901 4906 carnin
952 4860 1129 4932 jampriden
1149 4857 1264 4927 tingens
1279 4859 1418 4928 proposuit
1441 4856 1530 4912 verbis
1543 4856 1586 4912 tus
1610 4873 1616 4910 :
1642 4875 1651 4907 ι
1671 4855 1746 4911 uena

112 4929 295 5010 oposobviout
306 4927 415 5053 olffooit·
428 4927 455 4982 ln
465 4924 624 5006 perlegendo
638 4922 905 5004 diodulssllttolbquae
955 4931 1055 4988 etenim
1073 4940 1101 4984 et
1114 4928 1237 4984 notitiam
1252 4930 1294 4982 sui
1308 4929 1403 4999 gigant,
1420 4937 1474 4982 eta
1496 4942 1526 4982 se
1539 4928 1596 4997 ipsa
1611 4941 1688 4981 amor
1703 4928 1744 4981 sei

112 5006 156 5053 est
175 5000 208 5055 de
224 5012 332 5069 primur
352 4996 448 5053 rabbus
470 5011 570 5056 causis,
590 5002 687 5049 iurum
710 5000 790 5061 atque
805 5000 903 5046 sternam
956 5011 983 5058 et
1004 5000 1100 5056 notitia
1125 5000 1167 5053 sui
1191 4998 1323 5069 precedit,
1343 5013 1397 5069 quo
1420 5006 1447 5053 et
1468 4997 1525 5068 ipsa
1539 5006 1568 5053 et
1581 4998 1676 5053 rrotttia
1701 4998 1743 5053 sui

112 5082 245 5139 agnoscas
264 5081 377 5123 neeesse
390 5074 443 5130 est,
459 5065 591 5121 contineri
604 5064 630 5118 in
648 5063 699 5119 huc
712 5076 794 5131 opere
808 5075 906 5117 caricas

113 5137 308 5208 primordiales
320 5135 557 5191 innumerabilium
571 5134 691 5190 idearum
723 5131 905 5201 hilnsopbiea·

115 5223 184 5273 rum,
199 5218 377 5279 quaepestea
395 5205 516 5279 singulae
530 5205 642 5275 integris
655 5148 841 5273 phifosophiae
863 5215 906 5282 sy-

115 5282 238 5335 sumatis
263 5279 371 5334 animae
392 5276 517 5346 aequasi
543 5284 636 5330 ccrrtra
662 5275 801 5328 exstitere.
823 5270 904 5337 Qtrrn,

117 5348 140 5401 si
152 5351 317 5405 recentiores
327 5348 435 5418 quidam
445 5344 596 5417 philosophi
606 5342 713 5400 candidi
727 5356 787 5396 esse
795 5341 904 5405 vellent,

117 5416 205 5485 palam
221 5420 425 5489 promerentur,
441 5417 546 5487 opinor,
563 5412 740 5483 principalem
751 5412 801 5466 sihi
818 5411 905 5465 ideam

117 5488 152 5541 alt
164 5488 280 5561 Erigerra
295 5487 628 5566 subministratanr‚atqrre
641 5481 906 5551 uar·ias‚quasirriere

119 5556 167 5628 ipsi
183 5561 315 5630 rias,ope
331 5557 484 5629 Erigeuiani
503 5555 601 5628 ingemi
615 5552 739 5609 altissimi
756 5558 784 5607 et
804 5549 905 5607 aeuus·

118 5630 179 5684 simi
194 5633 243 5685 sibi
256 5627 408 5700 patefactas
418 5642 489 5683 esse.

157 5717 166 5749 r
193 5700 410 5755 Furrdarnentam
431 5696 641 5768 disputationum
664 5692 844 5749 recentiorum
873 5689 907 5744 de

120 5779 209 5825 mente
220 5772 262 5825 soi
274 5770 381 5825 cortecia
392 5767 481 5836 deque
492 5767 587 5837 triplici
598 5764 681 5833 hujus
695 5763 906 5824 irretitisnatura,

121 5846 203 5911 alque
225 5841 336 5896 altiores
359 5840 537 5910 cognitiones,
552 5850 620 5907 qum
637 5836 700 5892 iude
720 5834 905 5890 reduit-larunt

957 5072 1156 5143 conjunguntur
1171 5088 1192 5122 t.

995 5161 1004 5193 t
1021 5141 1114 5211 Neque
1132 5140 1220 5197 ruham
1241 5138 1400 5193 admirabile
1421 5138 1525 5192 dicendi
1551 5152 1635 5206 gentas
1652 5136 1746 5217 Erige·

957 5215 1079 5277 niarium,
1091 5224 1224 5277 nusquam
1238 5224 1290 5263 uon
1304 5210 1440 5267 erttlreum,
1460 5224 1547 5262 ratam
1563 5208 1686 5261 altissimi
1703 5222 1745 5259 tu·

974 5281 1030 5338 euii
1044 5296 1104 5337 curn
1120 5279 1276 5333 acutissimo
1287 5282 1501 5343 cerrssuuctioeem
1513 5292 1577 5347 prae
1591 5293 1620 5331 se
1635 5275 1696 5330 lert.
1712 5275 1747 5331 llt

957 5299 1071 5423 fegeudo
1081 5349 1158 5419 quasi
1172 5349 1259 5417 abripi
1272 5349 1387 5404 videaris
1398 5350 1422 5401 iu
1441 5350 1568 5419 templum
1584 5345 1625 5399 ret
1636 5360 1744 5400 sacrum

958 5423 1059 5486 lucum,
1080 5420 1156 5473 tttiris
1174 5419 1333 5488 imaginibus
1358 5418 1495 5482 reiectum,
1521 5425 1745 5483 resonatrtemque

960 5493 1059 5548 divinis
1080 5490 1199 5552 vocibus,
1226 5490 1319 5541 institua
1344 5489 1413 5541 ritae
1436 5495 1538 5541 secreta
1557 5484 1745 5555 pandentibus.

959 5563 1048 5630 Atque
1063 5560 1089 5613 in
1100 5560 1255 5613 attriversum
1270 5559 1418 5628 spiritualis
1432 5556 1615 5627 philosophiae
1625 5553 1743 5606 stridimu

960 5632 986 5686 id
999 5630 1090 5691 ellicit,
1107 5640 1136 5683 ut
1149 5630 1264 5698 primum
1278 5629 1362 5697 rtragis
1373 5629 1509 5697 stragisque
1518 5624 1672 5678 debilitetur
1683 5637 1745 5676 curn

960 5701 1109 5758 arroterialis
1133 5702 1198 5760 rita,
1219 5708 1273 5751 tum
1294 5697 1465 5766 principiam,
1489 5696 1598 5763 quoliu
1621 5709 1652 5746 ea
1670 5692 1745 5758 latet,

961 5772 1075 5844 negarrdi
1101 5772 1289 5837 abstracteque
1310 5766 1500 5837 cognoscendi,
1522 5767 1667 5822 obscurum
1682 5764 1748 5821 illud
