4167 6625
339 391 368 450 rt
1039 403 1251 464 eeeoutuutt.

341 534 474 601 beantur
485 544 514 603 st
531 538 693 619 dicontur,
705 551 733 605 et
750 541 931 624 sicquidem
949 531 1273 625 istcintellipibilibus
1287 547 1345 609 Dei
1358 547 1624 612 nominationibus
1636 549 1868 615 secundumnos
1879 553 1964 633 finis.
2008 625 2020 656 ἱ

341 673 605 773 Αάεῇ91119119991
621 709 722 763 autem
735 700 924 781 theoloqiam
950 699 1027 765 dnos
1047 702 1109 764 Deo
1139 703 1355 767 transibimus.
1371 706 1508 785 Margini
1538 706 1634 771 verba
1651 705 1783 770 miniato
1808 707 1967 788 adscripta

338 833 437 889 sunt:
453 828 601 909 Dionysii
615 831 823 911 Areopopitas
835 830 914 895 liber
932 829 968 895 dc
979 831 1097 896 diuinis
1107 832 1286 902 nominibus
1304 833 1447 913 explicit.

378 952 410 1016 t.
421 950 477 1014 iol.
489 953 994 1036 12,1-13,2Ε]9911919111191119
1005 957 1321 1039 mysticatiieolagia.
1334 960 1451 1040 Incipit
1461 960 1578 1025 atitulo
1589 961 1722 1025 miniato
1731 963 1770 1026 ad
1784 937 1962 1042 marginem

337 1079 519 1160 adscripto:
535 1084 655 1164 Incipit
679 1085 836 1166 prolapus
851 1086 985 1167 ejusdem
1006 1089 1143 1152 loannis
1167 1092 1316 1154 Saraceni
1337 1093 1378 1155 ad
1396 1093 1521 1156 eundem
1540 1094 1676 1156 Odanem
1695 1094 1797 1156 sancti
1818 1092 1966 1173 Dionysii

337 1210 475 1274 abbatem
484 1214 518 1275 in
529 1213 645 1279 librum
655 1217 692 1279 tle
700 1219 831 1298 mpstiaa
845 1219 1013 1301 tbcolopia,
1025 1230 1056 1284 et
1071 1222 1225 1288 orditura
1237 1225 1362 1289 verbis:
1378 1226 1458 1288 Ante
1472 1227 1631 1307 mpstiaam
1642 1222 1829 1303 theotoniam
1841 1222 1965 1302 spmbo-

336 1340 399 1405 lica
419 1343 577 1425 tbsolopia
593 1355 667 1409 ssset
684 1348 909 1430 transferenda.
921 1350 1002 1414 Nam
1016 1360 1077 1415 991.
1093 1352 1220 1415 Finitus
1238 1354 1365 1416 serbis:
1381 1355 1536 1431 Quoniam
1552 1363 1581 1415 et
1595 1371 1689 1433 super
1702 1369 1817 1413 omnem
1830 1352 1965 1430 positio·

334 1481 457 1535 nemost
470 1478 606 1556 perfecta
621 1486 649 1540 st
665 1479 756 1541 unita
771 1481 908 1542 omnium
920 1498 1025 1555 causa,
1045 1488 1072 1543 st
1089 1499 1183 1563 super
1198 1502 1314 1545 omnem
1326 1484 1511 1547 ablationem
1527 1504 1669 1548 excessus
1683 1484 1720 1546 ab
1739 1484 1965 1546 omnibussint-

333 1604 463 1685 pliciter
475 1607 612 1671 absoluti
622 1618 649 1671 et
659 1629 758 1691 snpra
771 1613 1004 1693 totaEeplieit
1015 1612 1094 1676 liber
1106 1615 1211 1694 nmqni
1225 1616 1432 1696 Areopapitas
1446 1615 1960 1696 2199991199199111991119919919.

378 1740 410 1799 li.
423 1737 481 1801 iol.
494 1739 611 1815 11112-
620 1741 699 1818 tum
713 1744 827 1806 Versio
844 1744 1064 1824 epistolarum.
1078 1746 1194 1827 Incipit
1204 1764 1223 1809 a
1235 1747 1326 1809 111919
1339 1746 1474 1827 margini
1485 1747 1661 1827 adscripto:
1674 1746 1838 1825 incipiant
1849 1749 1965 1828 episto·

334 1866 392 1931 lns.
407 1869 555 1950 Epistola
566 1872 670 1952 prima
685 1873 764 1955 Gajo
780 1876 940 1952 monacho,
952 1837 989 1943 91
1002 1879 1126 1943 orditur
1142 1881 1297 1944 averbis:
1316 1881 1470 1944 Tenebrae
1485 1880 1686 1944 occultantur
1699 1880 1814 1942 lumine
1824 1888 1851 1940 ct
1862 1878 1960 1959 mapis

331 2001 430 2064 multo
445 2002 578 2076 lumine:
593 2008 806 2089 iquornntiam
822 2012 981 2075 occultant
995 2015 1189 2095 capnitianes
1217 2025 1245 2077 st
1262 2017 1362 2096 inopis
1393 2016 1509 2078 multae
1528 2016 1742 2096 esquilinum:
1770 2017 1843 2079 baec
1859 2036 1963 2080 exess-

331 2134 473 2234 siue,setl
496 2158 561 2203 non
581 2140 748 2202 secundum
773 2142 984 2223 privationem
1007 2153 1068 2207 oet.
1091 2146 1219 2207 Finitus
1244 2147 1356 2207 ultima
1387 2146 1523 2224 epistola
1552 2147 1659 2208 vorbis
1680 2167 1688 2206 ε
1710 2147 1831 2227 Dipnus
1857 2156 1961 2210 autem

331 2234 477 2328 credendi
490 2287 558 2330 sum
576 2271 700 2333 omnino
714 2274 920 2352 praesopnt'ta
937 2273 1007 2346 tibi,
1024 2281 1053 2334 st
1075 2272 1195 2335 discens
1210 2294 1248 2336 eu
1258 2276 1333 2350 Dea,
1351 2282 1380 2336 et
1400 2275 1516 2351 dicens,
1532 2277 1607 2357 quia
1625 2284 1652 2338 et
1673 2296 1693 2336 a
1715 2277 1868 2351 custodia,
1885 2296 1966 2357 quae

330 2397 418 2479 estin
431 2396 575 2472 Patlemo,
587 2396 766 2473 dimitteris,
782 2409 808 2461 et
826 2399 867 2461 ael
881 2409 996 2463 terram
1005 2403 1098 2466 Asiae
1107 2406 1283 2481 reuerteris,
1296 2413 1323 2468 et
1332 2406 1427 2486 facies
1434 2407 1480 2471 ibi
1491 2408 1692 2483 imitationes,
1705 2414 1733 2467 et
1746 2407 1795 2468 liis
1809 2405 1965 2487 quierunt

330 2537 405 2605 post
421 2535 461 2602 ts,
477 2527 592 2591 trades.
609 2530 767 2611 Explicit.

369 2649 468 2715 7191.
487 2652 921 2728 19,1-95,21999111989911
934 2661 1165 2739 expositiones.
1181 2665 1342 2746 incipiunt
1359 2668 1483 2731 atitulo
1495 2669 1627 2732 miniato
1640 2689 1647 2729 ε
1659 2667 1823 2749 Incipiunt
1835 2669 1962 2749 esposi-

332 2776 433 2841 tiones
446 2779 581 2842 loannis
598 2783 687 2846 Senti
698 2787 978 2865 superleraroleias
994 2792 1097 2854 sancti
1109 2794 1266 2874 Dionysii,
1287 2804 1317 2859 et
1329 2799 1502 2862 ordiuntur
1519 2816 1537 2860 a
1555 2800 1677 2862 verbis:
1689 2801 1797 2865 Sancti
1814 2803 1961 2883 Dionysio

329 2906 538 2987 Areopopitae
550 2910 674 2988 primns
684 2912 762 2976 liber
779 2922 839 2979 cet.
852 2917 1025 2983 Finiuntur
1037 2924 1143 2986 verbis
1157 2946 1164 2985 :
1180 2931 1209 2986 et
1225 2943 1288 2987 nan
1298 2927 1362 2989 nisi
1372 2927 1406 2989 in
1420 2930 1535 2991 animo.
1548 2930 1617 2992 1199
1630 2929 1726 3009 igitur
1737 2933 1957 3012 expositiones

328 3044 403 3101 sunt
417 3040 555 3104 nitidius
568 3043 781 3126 aliquantum,
798 3068 894 3130 quam
912 3060 1036 3119 ceterae
1055 3058 1174 3122 codicis
1192 3068 1310 3139 partes,
1322 3062 1470 3142 scriptae.
1487 3063 1586 3126 Tituli
1598 3070 1672 3127 sunt
1687 3064 1825 3138 miniati,
1837 3070 1868 3127 et
1886 3082 1959 3126 ver-

327 3167 431 3233 sionis
442 3172 538 3235 verbe
550 3172 586 3234 in
609 3176 712 3253 prima
729 3179 833 3258 capite
851 3180 933 3243 linea
951 3185 1093 3259 miniato,
1108 3186 1143 3248 in
1156 3189 1272 3249 ceteris
1287 3190 1448 3269 capitibus
1464 3191 1548 3255 linea
1563 3199 1740 3257 atramenta
1756 3191 1849 3271 nigro
1864 3193 1957 3256 dueta

326 3301 495 3381 insigniti:
514 3303 600 3367 idem
619 3304 659 3370 de
677 3307 814 3387 singulis
830 3328 961 3392 quoque
979 3317 1139 3379 versionis
1171 3319 1289 3395 verbis,
1306 3319 1334 3382 si
1362 3327 1562 3401 repetuntur,
1584 3321 1677 3385 salet.
1696 3324 1814 3388 Graeca
1842 3326 1937 3389 verbu
1949 3373 1973 3403 ,,

328 3448 411 3511 quae
427 3441 611 3511 occurrant,
628 3444 704 3499 sunt
725 3436 935 3504 vitiosissime
962 3445 1091 3526 scripta.
1109 3448 1157 3510 eb
1175 3449 1236 3513 alia
1254 3450 1354 3515 seculi
1369 3452 1455 3526 xlv,
1472 3460 1508 3515 at
1523 3453 1648 3533 opinor,
1672 3471 1781 3528 manu,
1799 3473 1896 3536 quam
1914 3458 1958 3517 B*

326 3563 494 3657 insignivi,
517 3565 674 3645 scriptura
701 3586 797 3648 saepe
820 3571 960 3637 radendo
976 3576 1025 3638 vel
1041 3578 1231 3658 corrigendo
1248 3579 1282 3642 in
1309 3581 1378 3661 ipsa
1407 3587 1514 3645 textus
1535 3581 1631 3656 linea,
1652 3584 1700 3646 vel
1728 3603 1824 3665 supra
1840 3587 1958 3648 adseri·

329 3699 849 3789 99999919199991,9999999999
862 3708 1957 3797 marginamadscriptasunt.Tertiaquaedammanus,primaeaetate

323 3820 392 3887 iere
408 3841 537 3905 suppar,
554 3841 651 3904 quam
670 3824 732 3883 Bes
749 3825 994 3906 insignivimus,
1011 3849 1247 3914 nonuunquam
1264 3837 1359 3899 verba
1370 3838 1526 3918 quaedam
1540 3836 1578 3898 ad
1591 3835 1770 3914 marginem
1788 3837 1956 3917 adscripsit

323 3928 500 4009 atramenta
511 3944 708 4026 aliquantum
720 3946 988 4026 pallidiore.Rar0
1004 3952 1100 4016 etiam
1115 3954 1277 4016 recentior
1295 3969 1409 4017 manus
1427 3954 1465 4015 ad
1479 3953 1653 4031 marginem
1667 3954 1847 4033 adscripsit,
1860 3973 1954 4036 quem

322 4066 554 4145 insignivimus
587 4085 649 4130 rec.
678 4087 718 4130 m.
737 4069 768 4132 si
794 4071 895 4151 prima
912 4092 1026 4137 manus
1051 4076 1120 4153 ipsa
1141 4077 1320 4140 correxisse
1342 4076 1520 4148 videbatur,
1538 4074 1570 4135 id
1595 4074 1778 4136 notavimus
1801 4095 1884 4139 corr.
1916 4077 1954 4152 B,

321 4189 503 4252 Notandum
524 4190 668 4268 insuper,
684 4189 836 4268 19111971,
856 4195 886 4255 2.
901 4196 953 4269 72,
968 4196 999 4257 2.
1014 4196 1066 4269 73,
1085 4197 1115 4258 2.
1132 4196 1183 4271 tt,
1199 4198 1230 4258 2.
1243 4198 1293 4269 75,
1312 4198 1342 4259 2.
1355 4199 1406 4271 77,
1418 4196 1448 4255 2.
1462 4195 1513 4269 78,
1529 4196 1559 4255 2.
1577 4194 1629 4268 83,
1640 4195 1669 4255 2.
1682 4194 1733 4266 et,
1749 4197 1779 4255 2.
1798 4195 1954 4271 99991,

324 4314 355 4377 2.
374 4316 426 4393 89,
440 4317 471 4377 2.
483 4316 534 4388 99,
545 4316 576 4376 2.
589 4315 639 4389 91,
651 4315 682 4378 2.
698 4310 749 4385 95,
763 4311 783 4372 2
799 4310 832 4373 19
845 4319 987 4377 extrema
1001 4314 1207 4377 membranae
1219 4315 1403 4377 summitate
1417 4332 1467 4377 ros
1485 4313 1639 4392 quasdam
1653 4313 1775 4376 nullius
1800 4317 1954 4379 momenti

321 4454 392 4500 asse
403 4436 590 4515 adscriptas.
602 4437 768 4498 Praeterea
782 4433 817 4496 in
830 4435 997 4499 noiinnllis
1008 4434 1097 4498 soliis
1109 4435 1269 4497 recentior
1283 4453 1398 4499 manus
1413 4435 1514 4499 seculi
1527 4436 1585 4496 XV
1598 4435 1646 4497 vel
1664 4436 1748 4510 XVI,
1762 4437 1836 4500 stite
1848 4456 1952 4502 cerus·

301 4532 388 4621 ’seta
404 4557 505 4622 muita
516 4558 688 4638 adscripsit
702 4558 735 4620 in
750 4559 907 4638 margine,
919 4575 1004 4637 quae
1021 4565 1130 4621 tamen
1149 4559 1193 4621 ita
1208 4568 1283 4622 sunt
1294 4561 1473 4632 obliterata,
1491 4568 1525 4622 ut
1540 4559 1602 4638 legi
1618 4561 1756 4638 amplius
1778 4573 1951 4644 nequeant.

359 4680 493 4758 Reliqua
512 4695 584 4758 pars
610 4679 668 4740 iel.
686 4679 736 4755 95,
753 4680 773 4739 2
791 4684 821 4740 91
837 4677 893 4741 191.
912 4677 951 4739 ild
967 4678 1064 4741 rebus
1078 4680 1164 4742 lectu
1183 4680 1380 4744 difficillimis
1399 4682 1587 4765 nulliusque
1600 4690 1755 4751 momenti
1772 4692 1901 4770 tegitur.

359 4803 480 4873 ltestat,
498 4806 533 4860 ut
544 4815 746 4874 maneamus,
762 4799 801 4861 ad
817 4798 899 4863 illud
912 4802 1071 4865 versionis
1085 4801 1313 4881 iragnientum,
1329 4805 1416 4884 qued
1433 4805 1489 4869 iol.
1509 4806 1673 4881 1,1-1,2
1687 4813 1806 4875 codicis
1822 4814 1951 4894 legitur,

319 4927 375 4984 ant
390 4920 501 4984 eadem
516 4927 570 4983 eut
585 4919 647 4985 elia
661 4920 791 4998 suppari
807 4938 905 4983 manu
919 4921 1022 4985 literis
1038 4923 1266 4986 minutissimis
1279 4926 1453 5004 srapmenta
1466 4924 1601 4985 loannis
1614 4925 1703 4988 Scoti
1719 4931 1953 5008 expositionum

317 5044 352 5106 in
366 5032 724 5107 caelestemleraroltiam
735 5042 775 5105 ad
785 5045 964 5123 marginem
976 5046 1135 5126 adscripta
1146 5064 1230 5110 esse.
1241 5047 1331 5121 Quae
1344 5048 1403 5109 etsi
1418 5047 1586 5111 maximam
1601 5061 1720 5134 padam
1732 5053 1766 5114 iu
1778 5053 1952 5131 expositio-

316 5165 427 5242 nibus,
438 5185 519 5249 quas
535 5171 709 5245 edidimus,
725 5171 810 5235 inira
824 5170 988 5252 leguntur,
999 5178 1110 5238 tumen
1127 5174 1300 5255 capitibus,
1315 5175 1452 5253 adquae
1468 5175 1641 5253 pertinent,
1654 5171 1813 5236 adnotatis
1825 5172 1951 5251 singula

316 5288 443 5365 ordine,
460 5306 526 5370 quo
545 5291 579 5353 in
595 5293 705 5356 codiee
721 5301 844 5371 extant,
863 5295 918 5360 liic
946 5296 1140 5378 proterenda
1159 5314 1231 5359 esse
1260 5295 1427 5358 duximus.
1452 5296 1697 5367 Columnarum,
1722 5294 1844 5376 quibus
1868 5293 1950 5356 inire

315 5415 502 5485 aecurrunt,
519 5427 692 5476 numerum
712 5413 880 5494 subjunxi.

347 5602 412 5657 cio.
431 5598 473 5654 iil.
492 5598 597 5655 Status.
622 5595 763 5668 Quomodo
779 5594 934 5655 intellectus
953 5600 1098 5667 essentiae,
1114 5600 1185 5656 retia
1199 5599 1302 5667 sirleti,
1318 5614 1413 5656 sensns
1435 5600 1549 5657 interior
1567 5603 1717 5672 operationi
1737 5604 1881 5668 adunetur,
1902 5619 1951 5661 nee

238 5729 241 5735 ,
312 5686 368 5728 non
380 5672 449 5726 dune
461 5669 597 5725 trinitates
613 5660 731 5727 hominis
747 5675 774 5722 et
788 5669 887 5738 angeli,
904 5669 954 5727 sad
965 5687 1019 5727 uns
1031 5673 1077 5737 sit,
1094 5673 1122 5727 iu
1137 5672 1206 5728 libro
1224 5672 1280 5737 peri
1295 5670 1374 5726 tlsion
1390 5671 1457 5727 satis
1471 5672 1602 5742 aperitur.
1623 5671 1687 5727 Vide
1700 5673 1772 5743 inira
1786 5676 1837 5731 cot.
1851 5674 1915 5731 250.

348 5740 414 5797 (119.
430 5738 501 5795 11111.
520 5738 688 5812 Apologiam
704 5739 776 5807 qnod
789 5738 1123 5808 1919191991911191911919
1140 5744 1181 5795 vet
1196 5741 1356 5797 satisfactio.
1371 5739 1450 5811 lutra
1467 5742 1593 5796 991255.

347 5810 469 5881 1111911199
485 5810 518 5868 de
532 5811 594 5867 11119
602 5820 631 5869 st
646 5809 741 5883 glaeie,
758 5822 827 5878 qaue
844 5810 923 5881 prins
937 5812 1119 5877 resolvamur,
1137 5828 1217 5881 qemun
1238 5814 1264 5865 iu
1282 5811 1322 5866 eis
1337 5822 1466 5881 appareat
1481 5814 1617 5880 caliditas,
1632 5813 1676 5869 vel
1694 5815 1761 5871 tales
1779 5815 1951 5872 snbstantias
