4167 6625
142 454 206 511 657
570 451 614 510 DE
633 450 803 508 utttstortb
821 446 995 504 mannan.
1015 475 1050 484 -
1066 438 1168 496 bruun
1185 436 1346 493 TERTIUS·
1715 436 1767 492 658

143 570 196 620 Ab
206 583 260 620 utro
270 565 342 620 enim
356 564 517 618 universitas
526 572 617 618 creata
628 571 669 616 est
679 601 686 624 ,
698 561 768 615 sicut
785 576 800 612 a
819 557 933 612 monade
946 560 969 618 Λ
985 552 1087 619 riisqne
1111 547 1222 610 lornris,
1237 543 1423 600 differentibus
1436 556 1544 611 qnoque
1556 542 1767 596 substantiarum

141 673 248 711 onrnes
263 656 383 719 numeri,
398 665 453 710 cta
468 664 561 707 centro
572 667 666 706 onmes
679 650 765 704 lineae
777 654 931 716 enmrpnnt.
984 650 1012 696 ct
1036 639 1213 693 accidentium
1237 635 1396 695 ordinibus,
1422 633 1449 685 in
1474 633 1607 686 unitatem
1630 633 1766 700 quandam

144 744 220 797 Nam
235 752 263 798 et
276 743 302 797 in
323 744 374 796 boc
391 742 507 795 maxime
519 740 678 796 secularium
694 737 931 807 pbilosophorum,
984 727 1146 783 incllabilem
1158 732 1309 795 compacta.
1350 698 1806 927 tenimffrgafficdffrnciosff}

143 832 196 899 qui
209 831 243 884 de
255 829 348 884 mundi
361 828 440 897 buius
452 828 555 882 iactura
569 836 686 881 tractare
696 825 754 879 ausi
767 831 845 886 sunt,
856 836 934 876 error
983 819 1099 875 (liversis
1110 831 1205 872 vocum
1226 812 1401 884 qualitatibus
1414 820 1441 864 et
1455 810 1651 879 quantitatibus
1667 810 1690 841 ¹¹
1703 825 1768 864 corr-

140 919 330 982 convincitur,
344 918 471 987 quoniam
488 917 630 970 intormem
652 914 792 968 materiem
806 920 930 967 coaeter·
983 911 1084 973 licitur,
1100 910 1162 964 dnm
1177 906 1279 960 viritim
1294 903 1495 973 separatimque
1508 900 1673 961 sentiuntur,
1689 900 1769 970 longe

141 1023 213 1062 nam
228 1007 284 1062 beo
295 1020 356 1061 esse
369 1006 510 1068 dixerunt,
522 1004 556 1059 de
569 1019 622 1073 qua
635 1002 706 1058 bens
718 1002 800 1056 veluti
813 1009 933 1056 extruso
983 1016 999 1055 a
1012 1015 1042 1054 se
1057 996 1271 1066 discrepantibus
1296 990 1453 1048 intentionis
1473 997 1502 1044 ct
1519 988 1687 1043 remissionis
1706 1005 1768 1056 prn-

142 1097 317 1152 snbsistente
331 1103 358 1150 ct
373 1105 516 1149 coaeterna
532 1094 582 1148 sibi
598 1108 705 1148 suorum
728 1106 838 1161 operum
862 1106 934 1144 sum·
983 1088 1153 1161 portionibus
1165 1092 1330 1157 segregatae,
1343 1083 1406 1137 doru
1420 1095 1484 1134 vero
1497 1078 1548 1134 sibi
1562 1078 1675 1132 invicem
1687 1092 1766 1146 ceap

138 1187 228 1259 Ρθῑῑ*
254 1185 413 1256 iudicium·
432 1183 572 1253 inditium
588 1196 704 1251 namque
718 1181 759 1236 eis
771 1181 857 1233 visum
874 1187 931 1243 est,
984 1192 1076 1238 tantur·
1095 1179 1242 1248 secundum
1257 1184 1347 1232 certas
1360 1170 1588 1239 rationabilesque
1602 1168 1670 1223 artis
1684 1169 1765 1222 nursi-

141 1274 292 1330 materiem
305 1272 448 1327 inlormcm
461 1287 476 1324 a
491 1271 546 1325 ileo
562 1270 620 1325 beri
642 1278 771 1324 creatam.
793 1268 933 1334 Quomodo
982 1286 1031 1325 eae
1051 1268 1157 1339 regulas
1175 1281 1224 1335 per
1241 1264 1361 1334 singulos
1383 1270 1489 1329 tropos,
1510 1257 1659 1313 naturalem
1673 1272 1768 1325 quarn-

137 1366 239 1429 enim,
256 1362 395 1432 inquiunt,
410 1376 442 1414 ex
457 1360 543 1414 iornra
562 1361 682 1414 omnium
702 1357 816 1412 informe
837 1356 930 1419 beret,
983 1360 1044 1414 darn
1059 1354 1229 1411 dulcedinem
1244 1348 1418 1406 reddentibus
1432 1363 1439 1400 ι
1453 1347 1491 1400 ita
1505 1343 1689 1399 univcrsitatis
1701 1357 1767 1397 con-

135 1456 181 1509 ab
196 1450 327 1507 immobili
339 1457 365 1505 et
381 1449 408 1503 in
423 1448 497 1503 nullo
508 1448 534 1502 in
548 1448 637 1517 seipso
647 1445 768 1501 variabili
781 1444 884 1498 varium
899 1459 932 1498 ae
982 1448 1083 1511 euntia,
1098 1461 1131 1501 err
1145 1442 1260 1499 diversis
1272 1449 1385 1495 naturae
1406 1437 1486 1491 nnius
1507 1433 1734 1489 subdivisionibus
1750 1448 1767 1485 a
1792 1448 1799 1501 q

136 1541 295 1605 mutabile,
308 1540 343 1593 ab
356 1553 406 1604 eo,
421 1538 464 1592 cui
485 1536 553 1590 nibil
572 1535 688 1598 accidit,
706 1534 791 1588 variis
808 1533 932 1587 accideu·
982 1552 1012 1593 se
1033 1536 1165 1599 invicem,
1187 1531 1251 1586 dum
1269 1526 1446 1598 singulariter
1466 1523 1657 1594 inspiciuntur,
1677 1520 1765 1575 disso-
1795 1538 1799 1587 ι

134 1634 222 1687 tibus
240 1629 408 1699 subjectum,
432 1642 516 1683 anon
530 1638 541 1668 ¹
553 1628 670 1682 distento
682 1639 733 1695 per
751 1625 836 1695 spatia
855 1623 931 1679 locu·
982 1624 1125 1688 nantibus,
1146 1619 1223 1689 juxta
1246 1615 1396 1673 conditoris
1417 1600 1801 1713 unitorum-Larumque&

134 1738 206 1776 rura
222 1732 250 1777 ct
264 1721 514 1791 temporum,qnod
527 1720 622 1790 recipit
635 1719 755 1772 locomm
769 1725 931 1786 temporum·
982 1716 1189 1779 coadunataest
1246 1724 1269 1764 rs
1294 1708 1387 1776 itaque
1407 1701 1525 1758 delinitis
1546 1715 1599 1755 oorr
1615 1684 1766 1759 immeritd,

133 1825 198 1880 4¹¹0
222 1809 379 1873 intervalla,
399 1816 428 1863 ei
447 1807 651 1878 quantitatum?
673 1805 804 1861 Similiter
823 1806 857 1860 ab
878 1819 929 1867 eor
981 1815 1013 1862 ut
1026 1806 1134 1876 inquis,
1168 1802 1265 1857 rvcrsis
1277 1798 1470 1868 cogitationum
1482 1792 1608 1851 ductibus
1627 1787 1679 1843 sibi
1698 1786 1768 1840 invi·

134 1898 219 1968 ‘1⁰⁰⁶
234 1897 299 1952 'iiiiii
312 1896 436 1968 diiiiliii
454 1896 609 1959 subdititii,
628 1895 794 1950 diversatum
812 1893 929 1962 illailla·
944 1904 967 1964 b
981 1910 1040 1951 cem
1062 1889 1267 1947 adversantibus
1279 1886 1398 1941 allideris
1410 1888 1442 1935 ¹¹.
1455 1879 1614 1936 Coniectum
1633 1883 1676 1933 est
1694 1873 1766 1929 eninr

135 1998 203 2042 turn
230 1988 433 2059 figurammque
460 1986 645 2055 receptivum,
672 1984 708 2039 ab
733 1981 930 2053 incorruptibili
981 1995 1009 2041 et
1024 1985 1183 2038 inconcusse
1196 1977 1353 2039 delinitum,
1367 1972 1476 2036 omnia,
1489 1983 1559 2039 quae
1578 1975 1642 2023 sunt
1656 1973 1684 2021 ct
1696 1978 1767 2034 quae

132 2076 334 2148 corruptibile,
348 2091 363 2130 a
376 2073 489 2145 simplici
504 2073 681 2142 compositum
696 2080 725 2127 et
736 2080 829 2127 cetera
843 2070 869 2124 id
884 2084 931 2140 ge·
980 2088 1034 2129 non
1050 2079 1128 2133 sunt,
1147 2069 1181 2123 ab
1196 2081 1249 2121 uno
1261 2056 1390 2119 omninm'
1399 2057 1531 2130 principio
1544 2052 1696 2117 continere,
1710 2051 1767 2106 sire

131 2183 213 2235 mus,
232 2182 298 2223 snae
316 2166 400 2221 salsae
417 2164 630 2220 ratiocinationis
650 2162 753 2218 nebulis
773 2160 930 2219 obcaecavit
980 2162 1008 2216 in
1030 2155 1251 2230 primordialibus
1271 2150 1362 2207 causis
1381 2145 1465 2203 semel
1487 2154 1516 2198 et
1536 2141 1616 2198 siurul
1635 2142 1661 2194 in
1677 2138 1767 2194 l'erbo

134 2257 199 2313 Nos
213 2266 303 2313 autem
314 2271 409 2312 sacrae
420 2254 577 2325 Scripturae
590 2254 732 2309 veritatem
744 2252 928 2320 inspicientes,

130 2349 350 2419 diviuommque
361 2348 446 2417 ipsius
460 2347 636 2415 interpretum
650 2343 761 2413 vestigia
774 2351 927 2412 sequentes,

130 2451 168 2498 et
185 2440 383 2497 informitatem
396 2453 487 2494 rerum
500 2438 636 2501 omnium,
652 2444 680 2491 et
696 2436 814 2500 formas,
828 2444 855 2489 et
867 2448 927 2488 om·

134 2545 193 2596 nc,
207 2529 279 2600 quod
297 2529 324 2583 in
337 2530 392 2592 eis,
405 2528 463 2582 sive
478 2527 625 2582 secundum
639 2525 800 2589 essentiam,
813 2524 870 2579 sive
884 2538 928 2578 se·

133 2620 262 2676 eundum
281 2618 409 2673 accidens
421 2625 481 2681 est,
501 2616 537 2671 ab
553 2630 606 2668 una
625 2614 745 2668 omnium
764 2628 845 2668 causa
864 2626 929 2665 corr·

134 2710 200 2763 dita
214 2721 287 2772 esse,
299 2715 327 2761 et
340 2721 389 2776 per
403 2704 482 2760 ilderu
498 2703 648 2766 eredimus,
663 2710 690 2756 et
705 2710 835 2772 quantum
849 2700 929 2754 datur

139 2810 197 2866 per
210 2794 377 2850 intellectum
396 2791 608 2846 consideramus.

176 2885 209 2939 e.
223 2882 282 2938 Non
294 2882 367 2937 enim
386 2879 573 2935 universitatis
598 2877 722 2933 conditor
744 2874 926 2945 omnipotens,

136 2980 170 3029 et
184 2973 213 3027 io
226 2970 301 3026 nullo
315 2969 454 3034 debrieris,
467 2976 495 3023 et
507 2969 534 3023 in
547 2966 680 3021 inlinitum
693 2965 816 3028 tendens,
829 2963 927 3018 similia

136 3065 196 3120 sibi
211 3060 388 3126 sniumundo,
404 3074 496 3115 verum
510 3058 594 3114 etiam
607 3055 747 3113 dissimilia
762 3068 857 3109 creare
876 3068 926 3122 po·

138 3156 197 3209 tait
216 3153 228 3185 ⁸
245 3162 273 3207 ct
292 3150 403 3207 creavit.
427 3147 494 3203 Nam
516 3148 538 3203 si
562 3145 730 3202 solummodo
749 3144 790 3198 sui
810 3141 925 3205 similia,

980 2256 1028 2311 liei
1051 2251 1190 2323 unigenito
1210 2246 1384 2303 aeternaliter
1405 2241 1498 2305 lactis,
1520 2238 1578 2292 sive
1601 2236 1628 2290 in
1650 2234 1765 2289 materia

979 2342 1106 2407 informi,
1121 2355 1156 2395 ert
1168 2352 1222 2408 qua
1236 2331 1423 2406 primordiales
1441 2343 1541 2384 causac
1558 2324 1672 2379 visibilis
1690 2336 1767 2396 erca-

979 2443 1058 2490 tnrae
1079 2429 1257 2503 apparitionis
1278 2440 1344 2483 suae
1358 2424 1381 2464 ¹⁸
1394 2437 1442 2493 per
1465 2417 1667 2490 generationem
1689 2425 1767 2466 occa·

980 2508 1073 2584 siones
1086 2525 1109 2557 ¹⁸
1120 2527 1296 2592 aceepcumt,
1310 2518 1368 2572 sive
1382 2516 1408 2569 iu
1423 2510 1562 2567 elicetibns
1581 2520 1689 2566 carran,
1704 2503 1765 2572 qui-

978 2618 1030 2672 bus
1045 2615 1162 2670 mundus
1177 2612 1228 2666 iste
1241 2609 1276 2663 ab
1290 2606 1367 2661 initio
1387 2615 1472 2671 nsque
1492 2600 1526 2652 ad
1547 2596 1631 2650 linem
1650 2590 1766 2645 naturali

978 2704 1074 2758 ordine
1092 2701 1182 2754 divina
1197 2694 1365 2767 providentia
1386 2692 1409 2724 ¹⁸
1433 2688 1603 2744 ministrante
1618 2680 1766 2752 peragitur.

979 2792 1058 2848 Sicut
1069 2791 1091 2830 ¹¹
1104 2789 1292 2843 aitllomirms:
1302 2783 1381 2836 Peter
1394 2796 1466 2833 ruem
1480 2792 1560 2846 usqne
1577 2774 1604 2827 irr
1619 2788 1660 2824 nte
1672 2772 1692 2810 ¹²
1707 2785 1766 2837 ope·
1788 2813 1796 2830 ,

979 2891 1058 2936 ratur
1071 2890 1094 2933 et
1110 2895 1157 2948 ego
1172 2890 1274 2945 operor.
1293 2873 1348 2927 sert
1361 2865 1587 2940 quemadmodum
1601 2861 1668 2915 baec
1681 2858 1763 2911 veluti

978 2970 1090 3024 sibimet
1102 2964 1273 3020 adversantia
1285 2961 1312 3014 irr
1325 2973 1406 3012 unam
1420 2954 1555 3025 quandam
1569 2947 1762 3017 intelligentiae

977 3058 1102 3128 cupidam
1122 3053 1299 3114 conveniunt,
1314 3050 1366 3103 boc
1386 3054 1443 3110 est,
1464 3041 1599 3113 quomodo
1618 3040 1709 3092 onrnia
1727 3038 1762 3089 si·

979 3145 1034 3201 mul
1049 3144 1078 3199 e't
1091 3151 1200 3198 aeterna
1211 3148 1240 3194 et
1253 3138 1322 3192 lacta
1336 3143 1413 3197 sunt,
1429 3148 1482 3188 non
1495 3129 1581 3184 solum
1595 3126 1660 3189 tibi,
1672 3140 1765 3178 verum

138 3242 197 3296 ¹¹⁰⁰
209 3248 328 3295 eslim
347 3236 514 3298 existentia,
535 3242 658 3298 {telimas
678 3228 962 3299 incommutatum,
980 3235 1064 3290 etiam
1088 3240 1115 3286 et
1137 3230 1202 3284 milri
1226 3223 1432 3298 diligentissima
1452 3217 1565 3275 rationis
1589 3212 1764 3283 inquisitione

143 3328 291 3397 simplicia,
303 3323 520 3395 inseparabiliter
532 3324 623 3388 unita,
636 3318 864 3389 incorruptibilia,
876 3319 927 3373 irn·
977 3328 1092 3395 dignum
1107 3339 1167 3380 agge
1182 3323 1299 3377 videtur,

139 3415 287 3480 mortalia,
301 3413 453 3478 rationalia,
467 3411 669 3474 intellectualia,
683 3409 806 3472 seientia,
819 3407 926 3477 sapien·
1012 3417 1040 3470 7.
1058 3416 1132 3470 brac.
1153 3412 1266 3482 bigarum
1287 3408 1406 3478 quidem.
1429 3402 1486 3459 llac
1505 3387 1578 3456 cuim
1600 3392 1760 3466 quaestione

140 3508 180 3560 tia
191 3546 199 3570 ι
212 3516 371 3575 celerisque
385 3504 499 3559 iiiiii&
519 3502 688 3566 wniidetiir
703 3501 730 3555 itt
752 3499 925 3556 dissimilium
976 3507 1077 3561 nullam
1088 3504 1211 3558 altiorem
1225 3495 1432 3569 inquisitoribus
1445 3489 1568 3547 veritatis
1579 3483 1763 3556 quaerendam

139 3605 169 3651 0²
179 3595 365 3667 ⁰Pii⁰⁵ii⁰f¹¹¹⁰
378 3595 515 3650 cmiifflie
528 3593 660 3649 deiecisse
671 3591 819 3655 videretur,
832 3602 859 3646 et
872 3605 925 3645 non
975 3609 1036 3649 esse
1047 3592 1175 3647 arbitror.
1191 3587 1309 3651 Etenim,
1324 3591 1355 3638 ut
1376 3579 1569 3652 praediximus,
1591 3574 1663 3629 iacta
1677 3578 1766 3625 aeter·

140 3688 254 3742 omniuo
267 3695 442 3750 cunctorum,
469 3698 539 3754 quae
558 3684 628 3738 ratio
645 3697 724 3753 posse
738 3681 795 3737 lieri
810 3683 889 3737 docet
903 3682 926 3749 ⁸,
976 3682 1019 3737 nis
1039 3685 1220 3750 opponuntur.
1256 3677 1296 3730 Ae
1315 3687 1365 3743 per
1387 3673 1450 3734 lroc,
1474 3669 1497 3723 si
1518 3666 1601 3730 tacta,
1625 3677 1678 3717 non
1702 3668 1765 3714 sunt

141 3775 233 3847 opilea
257 3774 435 3845 judicaretur.
450 3772 596 3828 dissimilia
614 3780 705 3826 autem
731 3771 771 3826 sui
793 3779 822 3826 et
840 3786 925 3841 oppo-
976 3781 1103 3838 aetema;
1117 3772 1140 3828 si
1150 3776 1271 3831 aeterna,
1284 3779 1337 3819 non
1347 3770 1411 3819 sunt
1423 3760 1444 3791 ¹⁸
1457 3758 1538 3812 lacta.
1552 3754 1619 3807 llam
1631 3760 1660 3805 ut
1670 3751 1764 3804 eadem

144 3868 198 3923 alta
212 3866 337 3922 dicuntur
360 3880 420 3920 esse
431 3864 445 3898 ⁸
458 3872 486 3919 et
500 3872 563 3918 sunt
575 3861 682 3928 omoia,
698 3876 769 3931 quae
782 3861 927 3929 praedictis
976 3874 1004 3920 et
1018 3868 1040 3902 ¹·
1053 3871 1164 3919 aeterna
1183 3859 1302 3915 simulet
1315 3855 1386 3909 lacta
1402 3852 1467 3913 sint,
1483 3862 1536 3917 qna
1549 3845 1654 3899 ratione
1673 3837 1764 3894 doceri

142 3954 287 4010 virtutibus
305 3960 485 4023 ⁰iib⁰¹i¹1¹iil¹ir
508 3965 562 4005 ⁰0¹¹
579 3958 610 4005 iit
629 3951 753 4019 negativa
772 3964 819 4003 sen
838 3950 927 4017 priva·
976 3953 1075 4015 valeat,
1089 3965 1142 4005 non
1161 3947 1226 4002 mibi
1239 3942 1367 4000 occurrit.
1390 3938 1507 3993 Proinde
1524 3934 1547 3971 ⁸⁰
1567 3930 1605 3985 nil
1628 3925 1700 3981 aliud
1720 3939 1764 3979 re·

144 4048 214 4110 tire,
229 4047 276 4101 sed
289 4052 402 4099 naturae
415 4041 634 4099 dissimilitudine
646 4051 675 4098 ct
687 4042 863 4112 oppositione.
885 4041 927 4098 Si·
975 4050 1041 4105 stat,
1055 4050 1087 4094 ιιι
1098 4033 1228 4100 aestimo,
1240 4033 1292 4087 nisi
1307 4041 1336 4085 ut
1346 4039 1393 4085 ant
1405 4029 1455 4084 ista
1471 4024 1580 4095 penitus
1592 4032 1659 4091 prae
1679 4013 1762 4071 nimia

144 4135 250 4204 quidem
260 4133 534 4203 periectacesscntiae
541 4131 698 4186 sinriliterin
706 4145 804 4202 genera
812 4130 928 4187 termas·
977 4131 1018 4188 sui
1032 4128 1176 4184 altitudine
1187 4124 1296 4182 silentio
1306 4119 1512 4179 bonorillcctur,
1527 4120 1586 4178 aut,
1599 4111 1621 4165 si
1639 4106 1703 4177 quid
1716 4103 1762 4159 tibi

145 4238 198 4294 que
211 4238 259 4292 per
276 4221 440 4277 differentias
453 4229 481 4276 et
495 4221 685 4292 proprietates,
705 4222 927 4290 uniformiterque
976 4221 1010 4276 tle
1022 4234 1055 4274 ca
1077 4219 1185 4273 videtur
1203 4211 1431 4282 investigandum,
1457 4201 1618 4272 investigare
1639 4195 1762 4264 incipias.
1785 4237 1796 4258 ,

145 4312 282 4366 ordinatae
296 4309 474 4380 persingulas
487 4308 601 4377 speeies,
612 4309 685 4363 omni
698 4308 854 4363 contusione
863 4311 927 4363 snb·
976 4310 1046 4365 liae.
1062 4306 1212 4375 iltmmque
1224 4304 1288 4357 milri
1299 4301 1414 4360 videtur,
1427 4303 1457 4351 ut
1467 4304 1496 4348 et
1505 4294 1528 4328 ¹¹
1540 4290 1664 4351 eandem,
1676 4298 1764 4354 quan·

146 4411 239 4466 tracta,
262 4399 454 4471 imperiectio·
467 4397 591 4455 iniormis
612 4400 701 4454 adbuc
714 4400 844 4454 materiae
865 4401 875 4431 ²
898 4407 926 4454 et
977 4411 1034 4456 tum
1055 4399 1128 4453 acies
1141 4391 1377 4462 contemplationis
1393 4382 1570 4442 nostraeileo
1594 4375 1763 4431 illuminante

145 4489 279 4546 mobilitas
291 4489 436 4559 opponitur
445 4488 467 4552 ⁸,
482 4488 601 4543 aeternis
614 4487 790 4556 temporalia,
801 4488 927 4541 immuta·
976 4508 1010 4548 ex
1023 4489 1109 4545 ntrnio
1122 4485 1278 4543 subtilitatis
1289 4496 1354 4536 strae
1369 4479 1474 4546 fulgore
1487 4486 1540 4528 nou
1554 4466 1703 4538 repellitur,
1720 4463 1763 4517 in-

145 4579 241 4635 itiiiliiii
277 4577 426 4640 mutabilia,
452 4576 619 4646 simplicibus
641 4577 806 4645 composita,
830 4585 858 4629 et
880 4591 924 4631 ce-
939 4581 1112 4650 Daestigare
1129 4591 1182 4631 non
1198 4575 1296 4644 pigeat,
1317 4585 1351 4626 ac
1371 4567 1489 4623 desidiae
1508 4575 1555 4617 scu
1575 4556 1688 4613 inertiae
1702 4550 1762 4607 cnl-

144 4676 201 4722 tera
213 4665 236 4733 ⁸,
249 4681 318 4737 quae
331 4665 414 4720 veluti
427 4677 460 4718 ex
473 4663 605 4718 diametro
625 4663 675 4718 sibi
691 4663 806 4718 invicem
824 4676 840 4716 e
859 4678 923 4718 con·

146 4758 229 4814 traria
241 4756 414 4828 respondent.
428 4754 530 4810 liornm
545 4755 635 4825 itaque
647 4755 781 4818 omnium,
797 4754 923 4808 similium

143 4849 244 4905 diceet
258 4848 443 4911 dissimilium,
465 4860 535 4901 uirus
554 4853 636 4914 atque
655 4845 724 4900 idem
747 4844 842 4899 artilex
862 4855 922 4911 cst,

976 4685 1038 4742 pam
1052 4670 1235 4730 incurrarnus;
1255 4663 1300 4718 ubi
1322 4675 1386 4716 vero
1409 4651 1567 4711 intentionis
1584 4655 1693 4704 nostrae
1706 4643 1762 4697 vir·

978 4767 1062 4813 tutem
1073 4761 1233 4825 exsuperat,
1245 4760 1273 4808 et
1282 4766 1335 4806 non
1346 4749 1447 4819 patitur
1460 4740 1594 4799 ruentibus
1607 4736 1695 4792 adlruc
1707 4740 1760 4786 ter-

977 4864 1042 4904 rcna
1064 4845 1229 4902 habitatione
1249 4842 1383 4914 depressis
1405 4834 1532 4908 perspici,
1557 4837 1586 4885 ct
1607 4826 1640 4882 ad
1663 4838 1761 4895 purum

977 4941 1109 5012 dignosci,
1134 4938 1242 4994 silentio
1254 4935 1345 4992 cordis
1364 4941 1392 4987 et
1413 4930 1469 4985 oris
1484 4919 1684 4981 trorrorideanda
1707 4923 1759 4978 est,

145 5030 228 5085 tione.
238 5027 382 5083 uenturo·
393 5024 562 5095 pulcbritudn
574 5025 653 5079 totius
664 5024 849 5080 univcrsitatis
858 5040 923 5081 con·
976 5029 1088 5099 nequid
1103 5037 1206 5083 temere
1218 5025 1251 5080 qe
1263 5039 1296 5078 03
1310 5023 1480 5078 ggqqgamug,
1497 5017 1571 5071 pgsc,
1587 5012 1626 5066 qq
1648 5009 1705 5073 star,
1727 5019 1761 5058 ω

147 5117 232 5181 ditae,
251 5102 382 5170 {sibilium
405 5123 434 5168 et
454 5111 642 5175 dissimilium,
667 5111 783 5166 mirabili
805 5114 923 5181 quadarn
975 5118 1034 5173 sine
1049 5130 1123 5171 mora
1138 5115 1219 5185 buius
1235 5112 1417 5183 inquisitionis
1431 5110 1501 5164 viam
1521 5103 1619 5172 arripe.

146 5206 285 5264 barmonia
306 5205 450 5261 constituta
469 5213 527 5269 est,
541 5217 574 5258 ea
589 5203 702 5258 diversis
716 5202 860 5274 generibus
879 5219 924 5259 va·
1010 5207 1038 5262 8.
1058 5205 1128 5259 liro.
1149 5204 1187 5260 be
1200 5220 1244 5269 eo,
1264 5203 1335 5273 qnod
1348 5202 1438 5258 omuga
1458 5199 1484 5253 q.
1498 5194 1587 5251 ιω»
1606 5187 1653 5244 pq
1667 5185 1760 5253 wige.

145 4936 222 5006 crrjrrs
233 4935 427 5007 omnipotentia
441 4935 468 4989 in
483 4934 581 4988 nullius
600 4940 713 4987 naturae
727 4934 817 4987 dcbcit
829 4949 924 5003 opera·

783 5353 910 5411 vantra
928 5337 1145 5416 mentones

181 5488 540 5572 ’ὅῑθᾸῦἱΜῑῐῐὶΨδθΓῑῑῗ
583 5488 837 5544 'Pronnonbnu
876 5492 1038 5561 ’upoteriu
1076 5491 1389 5560 ‘dineenrtpnrretieri
1426 5484 1675 5542 'berredimnurn
1712 5481 1759 5535 'd

145 5566 302 5634 supersecta
339 5563 512 5617 'Cmuterra
549 5561 593 5616 'C
611 5560 723 5629 opponit.
760 5559 807 5614 ’ab
830 5570 945 5614 aeterua.
984 5562 1177 5616 ¹⁰llPeriutle.
1214 5569 1237 5602 ¹¹
1252 5573 1279 5616 ct
1303 5558 1491 5630 quantitudine
1513 5571 1567 5608 orn.
1583 5554 1613 5606 d.
1652 5551 1761 5603 '’Ard-

145 5637 237 5696 lrdeur.
276 5634 330 5686 ”l
346 5633 408 5686 rire.
448 5631 470 5669 ¹⁸
493 5629 949 5698 Cperuerreretioueaoccrraiouerrr.
989 5631 1046 5683 ¹⁸b
1070 5632 1220 5700 prudentie.
1259 5631 1281 5663 ¹⁰
1303 5630 1397 5685 aare.
1436 5623 1523 5678 ιῬιο
1544 5620 1758 5675 irroretlrrrodo.

147 5707 238 5757 ¹¹rurrt
263 5702 351 5757 crud.
388 5700 547 5754 ¹'etornlb
585 5696 783 5751 ¹‘Al'criutle
820 5696 972 5751 ”Ctrtod
