4167 6625
151 322 223 381 tarr
682 274 701 284 '⁹
790 313 928 374 nostru
946 314 1139 373 utsroarca.
1709 325 1780 386 teta

28 419 34 502 ζ
145 431 256 496 stolica,
280 442 341 498 quar
362 428 410 487 tibi
433 436 480 487 tua
507 430 637 499 restituit,
650 444 700 503 per
713 439 739 488 te
763 448 811 489 sua
823 434 939 504 perdere
952 435 977 496 Α
989 434 1062 489 libus
1074 431 1162 504 regias
1172 446 1281 504 quoque
1293 429 1400 487 litteras
1409 427 1518 497 obtulit,
1530 443 1664 486 summum
1677 445 1781 503 praesu·

26 499 43 564 ί·
146 502 284 565 rideatur,
298 499 363 569 quin
377 499 476 582 potius,
489 503 521 565 si,
531 502 604 574 quod
614 517 667 557 non
679 501 826 566 credimus,
835 501 938 571 lostam
991 502 1045 558 lem
1067 516 1245 572 summopere
1264 502 1449 573 mammatae,
1468 506 1499 555 ut
1521 508 1568 556 aut
1581 499 1714 557 llariaum
1727 500 1779 556 sibi

26 565 37 636 ἶ
145 579 176 624 te
191 570 292 626 babere
314 571 511 638 querimoniam
537 571 666 635 aestimas,
692 580 792 627 sancta
811 569 941 630 Romanae
991 571 1061 628 bene
1074 579 1241 643 compertum
1265 570 1409 628 diaconum
1428 569 1659 641 archiepiscopum
1684 566 1807 626 conse*

26 659 34 708 f
145 637 277 695 Ecclesia
291 638 450 696 resdtutrici
474 648 526 698 tuae
542 639 704 699 ‘solemniter
718 654 865 714 suggerere
887 657 939 698 non
991 648 1097 697 cratutn
1110 641 1269 707 remitteret,
1282 648 1329 696 aut
1342 640 1458 711 aliquem
1471 654 1505 696 ex
1516 639 1700 696 cardinalibus
1712 639 1781 694 duu-

25 705 44 740 ³³
143 707 268 768 orntum.
991 717 1131 766 taxatsuze
1141 710 1263 767 ecclesiae
1275 711 1364 766 vinnm
1380 709 1523 781 sapientia,
1533 724 1659 781 persona,
1669 709 1779 777 uitaque

185 779 261 834 Trrnc
276 777 430 851 patriarcba
444 777 573 851 ignatius,
596 771 780 851 apostolicali
796 779 940 851 epistolam
990 780 1222 850 archiepiscopatu
1250 779 1438 851 dignissimum
1467 778 1590 851 llulqaris
1624 778 1779 851 elipendum

25 869 43 896 l·
143 848 219 931 susci
233 848 310 931 niens,
336 848 401 904 licet
426 863 589 932 magnopere
610 849 765 912 admonitus
777 850 941 932 eamulegere
990 849 1221 921 dirigeret,quem
1230 848 1715 933 pastoapprobationemeammdem,
1730 848 1779 904 de·

33 941 42 966 r
143 919 220 972 drstu
233 927 310 1002 isset,
331 919 472 987 respondit
488 937 494 973 :
509 918 588 978 Absrt
601 934 616 973 a
631 933 686 982 me,
699 927 731 974 ot
744 931 794 1002 eqo
815 920 859 975 lus
871 934 940 989 prae·
989 933 1045 974 nuo
1054 928 1221 1002 remeantem
1236 918 1458 990 archiepiscopali
1477 919 1627 1000 munisterio
1637 918 1778 1001 ‘sublima-

24 1003 44 1046 a
142 988 346 1057 surreptionibus
359 987 589 1043 contradecorem
604 997 706 1044 macta
718 988 791 1045 sedus
813 989 941 1059 apostoli·
990 996 1041 1043 ret.
1056 987 1111 1043 Sed
1132 988 1237 1045 Hanno
1258 987 1586 1070 Constantinopolitanum
1610 996 1778 1044 missaticum

27 1097 38 1114 ..
141 1056 329 1181 cmimplicct,
357 1056 403 1127 qui
428 1071 478 1114 nec
499 1056 537 1113 ita
555 1056 711 1126 juveniliter
734 1071 795 1129 apo,
817 1066 847 1112 ut
870 1058 937 1115 mibi
988 1056 1357 1124 devotissimentdiximus,
1380 1066 1487 1124 sortito,
1516 1073 1637 1114 summus
1656 1055 1778 1128 pontifex

24 1153 38 1182 ,·
140 1125 240 1193 subrip
269 1127 369 1192 ralmt,
391 1140 442 1182 nec
465 1126 501 1182 ita
530 1127 650 1183 seniliter
672 1125 937 1197 deliro,utquodin
989 1125 1150 1182 Silvestrum
1176 1128 1321 1197 quemdam
1345 1126 1471 1197 bulgaris
1494 1127 1645 1197 eligendum
1665 1125 1776 1190 direxit,

140 1194 206 1250 aliis
220 1196 419 1266 reprehendere
433 1196 519 1252 debeo
532 1196 590 1268 ipse
610 1195 787 1251 dimmittam.
813 1196 870 1254 iloc
885 1196 938 1255 line
987 1211 1069 1267 quem
1080 1211 1141 1253 com
1156 1196 1298 1267 leopardo
1312 1196 1492 1262 Anconitano,
1505 1205 1533 1252 et
1554 1196 1695 1251 bominioo
1709 1195 1777 1251 ‘iar-

139 1264 291 1322 collocutio
305 1263 436 1320 illailnita
451 1273 503 1323 est.
793 1293 797 1308 ι
987 1265 1099 1322 risiensi
1113 1266 1382 1340 episcopis,simulet
1396 1265 1559 1336 litteraspro
1572 1266 1778 1335 archiepiscopo

178 1333 234 1391 Sed
250 1333 397 1406 imperialis
408 1334 565 1402 commotio,
578 1334 642 1391 licet
653 1348 730 1404 spem
747 1332 836 1392 irontc
849 1334 937 1391 iamu·
987 1343 1034 1389 aut
1046 1334 1177 1392 Formosa
1190 1336 1332 1392 Portuensi
1350 1336 1476 1406 episcopo
1498 1332 1662 1392 remittendo
1675 1335 1775 1405 impor-

138 1403 223 1468 laret,
238 1419 272 1459 au
293 1412 413 1460 mentum
437 1405 564 1475 suscepit.
584 1403 700 1476 Legatos
721 1412 811 1459 minen
835 1414 937 1462 saneta
986 1403 1130 1460 lenissime
1146 1406 1321 1476 deprecantes
1337 1405 1535 1461 remittentibus
1545 1404 1668 1473 Balgatia
1677 1416 1775 1473 magna

138 1474 274 1529 Romane
320 1471 410 1529 clesiae
418 1471 452 1527 ad
462 1473 605 1545 prandium
615 1488 769 1530 convocans
778 1474 856 1530 donis
864 1476 936 1546 apti·
985 1473 1038 1528 sub
1051 1472 1194 1529 velocitate
1205 1475 1316 1544 recepit.
1329 1473 1432 1542 Quibus
1451 1473 1524 1530 inter
1536 1473 1663 1529 nonnulla
1678 1470 1776 1528 rescri-

32 1579 43 1600 ι
137 1543 356 1600 misdecorarit.
437 1557 471 1597 ue
491 1542 645 1600 Theodosio
668 1542 815 1614 spatbarlo,
832 1559 886 1601 non
902 1559 935 1602 ea
985 1541 1051 1612 psit,
1064 1549 1094 1596 ut
1102 1556 1293 1613 quemcunque
1304 1543 1463 1600 nominatim
1481 1543 1588 1599 devotio
1611 1541 1709 1614 regalis
1730 1555 1778 1596 et·

23 1605 45 1682 q,
135 1627 194 1682 qua
206 1610 372 1694 congerebat
388 1610 577 1695 solicitudine,
591 1612 741 1669 deducendi
759 1613 935 1735 ficatiacom·
985 1611 1128 1693 primeret,
1140 1627 1203 1694 eum
1227 1612 1287 1668 sine
1313 1611 1395 1668 dubio
1410 1611 1572 1682 pontificalis
1585 1612 1704 1681 provisio
1716 1609 1777 1666 ilui-

136 1683 291 1747 mendant,
303 1679 534 1753 bcodyrcbanum
548 1695 635 1753 usque
655 1680 757 1753 perduc
781 1720 789 1746 ,
815 1682 934 1753 neligen-
985 1693 1059 1750 parts
1071 1680 1305 1753 archepiscopum
1315 1681 1511 1738 commodaret.
1522 1681 1558 1737 ltt
1571 1694 1635 1736 uero
1648 1679 1777 1753 Buiqaro-

137 1757 240 1834 terque
250 1751 310 1807 sirm
320 1749 374 1834 ulla
384 1750 541 1820 provisione
553 1749 668 1835 dimissi.
678 1750 745 1807 Post
760 1749 819 1809 dies
830 1752 969 1856 aliquot„
985 1764 1045 1805 rum
1060 1765 1108 1807 rer
1128 1751 1362 1822 exspectationum
1386 1764 1477 1807 moras
1503 1749 1607 1806 diutius
1629 1749 1701 1805 ierre
1721 1762 1775 1805 non

135 1818 932 1961 bittit-tatudttttltltttttatilit
982 1818 1776 1961 debititate,'ettitttttltiuilt⁰e

23 1939 46 2037 J
134 1943 238 2080 Reque
261 1929 473 2030 subscriptiones
495 1958 616 2015 omnium
642 1931 759 2022 menna
785 1933 932 2031 exemplari
981 1958 1208 2022 machinantium,
1222 1959 1366 2024 adductus,
1383 1958 1508 2015 eumdem
1521 1959 1644 2025 Petrum,
1659 1972 1774 2029 quema

154 2048 171 2084 e

23 2077 41 2106 ,p
172 2028 270 2085 nudati
293 2036 366 2095 sunt,
380 2029 485 2100 ipsique
498 2027 672 2099 capiteptert
692 2027 882 2092 antemnarum
897 2033 933 2088 ab
982 2027 1068 2083 iloma
1081 2029 1141 2084 sine
1151 2027 1278 2084 desiderii
1292 2027 1332 2083 sui
1345 2026 1442 2084 adactu
1464 2041 1526 2084 sero
1547 2035 1698 2097 receperat,
1712 2042 1775 2087 cum

134 2096 195 2165 bis,
210 2099 256 2168 qui
268 2113 305 2154 ex
316 2097 551 2223 ittisantngerant,
568 2098 620 2154 sibi
634 2099 796 2154 timuissent.
809 2098 931 2156 Tandem
983 2096 1045 2153 aliis
1063 2112 1079 2154 e
1106 2096 1192 2155 latere
1214 2111 1263 2154 suo
1290 2095 1564 2168 constantinopolim,
1590 2097 1776 2167 requisitionis

21 2147 35 2228 ‘l
135 2167 299 2237 apostolicis
313 2167 445 2239 imperiali
466 2181 551 2237 osque
577 2167 676 2226 litteris
700 2168 735 2222 ab
758 2167 932 2226 erstttolibe·
982 2166 1121 2236 qratiacui
1148 2165 1318 2237 potissimum
1341 2165 1465 2235 bulgaria
1490 2167 1627 2236 pertinere
1651 2166 1772 2232 deberet,

21 2233 44 2298 'fi'
134 2238 209 2304 rati,
233 2246 262 2294 et
286 2237 429 2294 undecimo
456 2235 639 2292 Kalendarum
664 2234 854 2293 ianuariarum
876 2238 930 2306 die,
982 2235 1084 2303 emisit,
1104 2236 1195 2305 ibique
1210 2251 1226 2291 a
1239 2235 1334 2307 legatis
1356 2235 1467 2300 nostris,
1480 2236 1553 2305 quod
1575 2234 1630 2305 juri
1652 2235 1774 2291 Romano

21 2301 43 2370 {¹¹
133 2304 289 2364 indictione
302 2313 411 2377 quarta,
428 2306 541 2361 Romam
557 2307 670 2373 reversi,
680 2306 845 2377 omniaque
855 2321 933 2378 supe-
981 2305 1161 2374 pertinerent,
1172 2311 1237 2362 aunt
1247 2305 1378 2372 conuicti3
1394 2316 1422 2359 at
1435 2305 1607 2375 postmodum
1620 2320 1668 2375 per
1678 2304 1774 2362 (irien-

21 2369 41 2446 Ῐ
133 2376 199 2431 rius
210 2375 329 2432 diximus
343 2390 436 2432 coram
452 2374 625 2446 sanctissimo
638 2390 744 2432 summo
757 2376 884 2446 pontillce
898 2393 931 2434 ac
982 2373 1051 2430 talea
1060 2374 1426 2446 Constantinopolitanosqne
1444 2374 1522 2430 amnis
1540 2389 1572 2430 ac
1582 2374 1774 2445 promissioni·

22 2437 41 2488 “1‘
132 2446 299 2516 proceribus
313 2445 473 2509 retulerunt,
489 2443 609 2514 nihilque
630 2444 702 2502 allud
722 2446 929 2515 scripturarum,
981 2443 1033 2499 luas
1094 2444 1180 2500 rsuasi
1203 2442 1313 2500 Grecos
1339 2444 1503 2510 sacerdotes,
1521 2443 1597 2516 juxta
1625 2443 1697 2515 quod
1714 2442 1774 2499 Gri·
1822 2465 1833 2504 ι,

20 2511 45 2582 ’ἥ
132 2530 221 2584 quam
236 2515 334 2570 librum
345 2514 461 2572 actionis
471 2514 579 2596 ignatii,
590 2514 732 2572 etlibellos
744 2530 813 2586 quos
825 2529 840 2569 a
854 2514 933 2570 Scla-
982 2511 1052 2569 moal
1073 2529 1105 2570 us
1118 2512 1272 2584 episcopus,
1288 2513 1333 2584 qui
1348 2515 1384 2570 ab
1398 2513 1484 2570 bisse
1506 2515 1643 2585 repulsum
1662 2513 1773 2580 latetur,

132 2584 177 2639 ris
206 2594 376 2655 receperant,
398 2592 426 2640 et
448 2586 565 2653 reliquus
591 2583 696 2639 libellos
715 2598 783 2667 qrtos
810 2583 929 2668 Srtpponi
981 2581 1160 2653 suscipientes
1172 2590 1281 2639 nostros
1293 2583 1413 2654 ejiciunt,
1437 2591 1465 2639 et
1485 2599 1535 2655 per
1560 2584 1686 2648 eumdem
1712 2582 1774 2641 Gri-

132 2654 353 2719 aicbiministro,
369 2653 932 2723 etAnaatasioprudentisstmobilalrotbe-
980 2652 1117 2706 moaldum
1143 2653 1311 2724 episcopum,
1335 2653 1398 2723 quia
1423 2654 1482 2708 sine
1506 2654 1674 2709 conscientia
1699 2653 1773 2711 sedis

130 2724 215 2779 cario
223 2732 324 2781 sancta
334 2724 406 2780 sedis
417 2722 666 2794 apostoliceleujus
674 2722 852 2793 praescientiae
864 2723 929 2796 [sor-
981 2721 1147 2790 apostolicae,
1162 2721 1337 2778 commissum
1357 2721 1409 2778 sibi
1433 2722 1636 2792 predicationis
1654 2721 1772 2778 officium

131 2802 169 2860 le,
179 2790 335 2865 presentis]
350 2791 531 2850 sollicitudine
548 2792 688 2862 exemplar
701 2792 808 2848 amissa
822 2793 928 2865 quodi,
980 2789 1119 2856 deserens,
1145 2789 1260 2847 ilcanam
1290 2791 1441 2848 ditissimus
1472 2793 1615 2859 remearit,
1642 2806 1771 2862 magnum

18 2866 20 2871 ⁴
129 2865 210 2934 quod
222 2863 453 2919 sibiscribendum
464 2863 665 2943 impetrauerat,
674 2861 793 2918 Ecclesia
807 2861 929 2919 Romana
980 2859 1101 2929 epistole
1111 2859 1237 2942 uolumen
1249 2858 1353 2917 irivolis
1365 2860 1571 2931 allegationibus
1582 2863 1773 2946 tanquamsub

26 2935 32 2948 ’
129 2933 267 3002 suscepit)
282 2933 382 2989 dudum
404 2930 639 3003 Constantinopoli
660 2930 929 3001 commendaverant,
979 2937 1111 3010 praetextu
1125 2929 1280 2985 dctrberatae
1292 2931 1547 3002 sententiesyuodo
1567 2931 1770 3002 praesidentium

19 2994 33 3036 t-
125 3004 281 3059 ostendere
293 3009 447 3072 patuerunt.
980 2999 1148 3069 implicatam
1172 2999 1327 3069 apostolice
1340 3000 1396 3057 sedi
1424 3013 1505 3071 super
1521 3002 1695 3057 excusatione
1721 3015 1771 3056 sua

168 3071 212 3128 Su
248 3072 320 3129 riore
333 3080 453 3142 tempore
461 3070 609 3127 Formosus
619 3069 779 3128 Pouuensls
788 3079 817 3129 et
828 3071 928 3129 Paulus
980 3068 1095 3124 remisit.
1108 3067 1138 3123 ln
1162 3083 1218 3139 quo
1231 3067 1380 3141 iactoquia
1402 3069 1546 3140 episcopus
1561 3085 1576 3125 a
1590 3069 1771 3142 bulgarisex·

21 3137 36 3178 *⁴³
125 3140 212 3211 Popu
223 3141 342 3198 oniensis
355 3140 525 3195 venerabiles
535 3139 665 3211 episcopi,
680 3141 726 3211 qui
740 3155 801 3196 conr
823 3142 965 3211 ceterlsc
980 3137 1088 3207 pulsum
1100 3137 1214 3209 epistola
1230 3147 1338 3195 accole
1350 3154 1381 3194 ὅθ
1390 3140 1499 3205 asserit,
1510 3148 1538 3195 el
1550 3140 1702 3213 presbyteri
1716 3155 1770 3195 ⁰⁰¹¹

25 3237 28 3246 v
123 3209 212 3282 jussu
227 3210 392 3266 sanctissimi
406 3224 482 3281 papae
508 3208 610 3265 Nicolai
624 3224 707 3266 causa
728 3212 929 3280 predicationis
981 3220 1011 3262 se
1032 3206 1126 3277 pulsos
1147 3206 1292 3274 adrecis,
1304 3207 1348 3264 rel
1370 3207 1502 3279 bulgaris,
1531 3211 1579 3266 sed
1597 3209 1771 3281 abepiscopo

18 3305 36 3339 n
128 3281 264 3337 destinati
291 3279 412 3346 iueraat,
438 3287 590 3336 remeantes
604 3279 637 3336 de
654 3279 857 3338 christianitate
869 3281 930 3338 But.
981 3275 1193 3343 circumuentos,
1213 3276 1336 3348 prolecto
1352 3277 1473 3342 dubium,
1489 3278 1554 3350 qula
1570 3288 1670 3336 mutuae
1683 3280 1771 3336 subsit

18 3378 43 3411 ,a
127 3365 274 3422 garorum,
287 3365 320 3408 ac
327 3350 482 3406 omnimoda
505 3349 681 3420 subjectione,
695 3365 749 3420 qua
772 3352 925 3423 specialiter
980 3346 1143 3416 proditionis
1155 3348 1254 3419 imago,
1271 3348 1358 3404 donec
1368 3347 1493 3404 Christus
1508 3364 1602 3406 renum
1617 3351 1733 3406 rimator
1742 3359 1770 3404 et

19 3448 41 3480 „a
123 3429 239 3483 sanctae
250 3419 379 3478 Romana
388 3418 697 3476 Ecclesiaederotissirira
708 3419 776 3476 colla
791 3422 924 3478 submise·
975 3416 1111 3481 eordiom
1125 3417 1153 3471 in
1175 3432 1286 3475 suorum
1301 3432 1441 3473 servorum
1466 3420 1592 3477 examine
1602 3420 1672 3477 banc
1684 3418 1712 3475 in
1728 3418 1769 3476 lu·

28 3542 33 3549 .
127 3497 207 3554 mne
223 3490 313 3546 mdem
335 3489 510 3559 apostolicam
538 3498 706 3553 recrearunt,
738 3499 767 3546 et
787 3490 924 3548 blicbaclis
976 3499 1036 3542 cetu
1048 3486 1201 3559 protulerit,
1216 3501 1271 3543 non
1285 3487 1401 3542 viduor.

18 3605 22 3618 ,
125 3548 270 3630 butqauct
291 3560 363 3631 repis
385 3558 512 3630 legatum,
536 3557 647 3614 Petrum
671 3560 792 3626 nomiae,
815 3574 923 3617 summo
1144 3611 1150 3627 ,
1296 3614 1303 3629 ,

124 3626 256 3711 pontiflci
267 3636 472 3704 presentarunt.
485 3626 538 3697 uua
561 3626 665 3700 legatus
679 3642 741 3685 curn
751 3630 830 3687 donis
843 3644 922 3702 repa·
1102 3611 1245 3686 (Willis
1265 3614 1356 3689 “hila
1370 3615 1458 3673 ΨΜ
1477 3617 1525 3673 ⁸¹¹⁶
1539 3618 1641 3692 dm)
