4167 6625
130 379 192 436 did
691 382 792 438 LIBER
811 381 855 438 DE
873 379 1228 439 Praenesrtnartoa's.
1713 385 1768 455 lis

133 498 221 554 duliae
241 511 305 554 suae
327 497 479 570 neglectum
494 506 575 569 atque
590 497 752 570 expulsam,
771 513 825 554 nun
848 498 927 554 alitor
941 502 965 562 Λ
979 498 1188 563 destinationis,
1207 498 1379 583 tmipfflcum
1401 499 1457 555 sint
1481 499 1560 557 unius
1579 499 1764 572 eiusdemque,
1825 497 1828 502 ’

132 591 255 646 cuudmu
276 590 527 661 praedestinatum,
542 590 659 676 nisime
687 573 927 660 praedestinatum,
980 588 1089 643 divinae
1102 587 1239 655 uidelicet,
1252 590 1412 650 cataracta
1424 604 1477 659 qua
1492 589 1564 645 aliud
1579 590 1632 646 alio
1646 590 1707 661 plus
1718 591 1768 646 mi·

132 679 164 734 iu
187 694 277 734 massa
301 680 359 734 irae
389 678 533 744 relictam,
562 692 673 735 munere
697 679 803 735 divinae
826 677 930 749 gratiae
979 692 1130 733 aserenon
1144 686 1197 743 est,
1219 678 1326 743 merito,
1347 678 1393 734 ubi
1413 688 1455 734 est
1469 688 1583 735 naturae
1597 680 1768 751 simplicitas,

131 771 285 842 priuatum,
297 768 447 833 inimicum,
463 783 516 824 noo
535 770 662 825 amicum.
678 769 712 825 Ει
725 776 815 823 tamen
834 782 867 822 ex
879 782 927 822 orc
980 782 1034 822 uon
1048 776 1091 822 cst
1107 766 1160 821 ulla
1173 767 1274 822 diversi
1304 784 1328 832 s,
1349 768 1477 838 quoniam
1495 769 1522 823 in
1534 786 1565 826 ea
1576 771 1667 825 ornoia
1685 785 1768 828 unum

131 860 226 923 illius,
240 874 322 927 quem
336 858 456 925 tradidit,
469 859 585 913 audivit:
600 859 688 913 dmice
702 859 736 912 od
747 857 851 929 anteat
863 857 930 911 item
980 864 1054 911 sunt.
1071 855 1186 910 Tantum
1198 871 1263 924 crgo
1282 857 1309 910 io
1324 857 1379 912 Deo
1393 856 1464 911 ualet
1480 858 1671 926 praescientia,
1684 875 1769 930 qnan-

130 950 200 1004 aliut
223 959 354 1020 tauquam
384 964 495 1005 consors
512 949 617 1005 divinae
638 950 777 1006 electionis
799 950 870 1004 inter
886 964 931 1003 re-
981 950 1037 997 lum
1059 927 1280 1014 praecessisti,
1301 936 1400 1015 plane,
1421 946 1484 1013 qnia
1507 962 1590 1000 unum
1615 955 1687 1002 sunt.
1711 947 1769 1004 Non

131 1053 183 1093 ros
195 1037 424 1109 praedestinatos,
439 1037 549 1106 electus,
569 1037 671 1093 amicos
681 1037 791 1093 abusive
803 1037 931 1092 collectus
981 1040 1070 1090 tomen
1086 1039 1188 1086 tautum
1202 1032 1257 1090 latu
1271 1043 1351 1102 atque
1365 1033 1519 1104 frequenter
1531 1033 1672 1106 Scriptura
1684 1037 1769 1092 utitur

129 1128 262 1182 audierat
278 1145 285 1181 :
300 1125 363 1181 Noa
378 1128 436 1180 dico
451 1144 494 1181 roa
514 1144 617 1194 remor,
631 1129 676 1182 aed
689 1128 786 1182 amicus
798 1127 824 1182 b.
843 1126 930 1205 ΜΗ
980 1123 1241 1193 praedestinatione,
1265 1131 1397 1193 quantum
1416 1124 1613 1193 praescientia.
1629 1124 1659 1181 ln
1671 1125 1770 1184 divinis

129 1216 218 1283 undu
231 1216 267 1270 al)
281 1216 468 1271 omnicoelesti
482 1217 644 1287 paternitate
657 1218 781 1272 abdicato
792 1218 868 1287 quasi
878 1217 931 1272 lulio
981 1213 1113 1283 siquidem
1124 1214 1329 1284 operationibus
1338 1215 1485 1272 condendis
1494 1216 1769 1287 administrandisque

130 1304 931 1378 interuttoslloortuusdtceoat:ltottteeocorerottapauem
981 1295 1189 1374 {hamiendam
1220 1314 1249 1360 ct
1284 1305 1558 1377 praedestinationem
1584 1313 1611 1362 et
1637 1305 1769 1363 simulet

131 1400 163 1453 ia
175 1409 260 1462 utro,
272 1416 340 1454 aaut
352 1409 390 1454 eat
401 1400 469 1455 enim
482 1409 556 1470 poter
570 1400 714 1470 scater,qui
726 1400 753 1452 in
764 1397 842 1453 coelia
855 1406 893 1452 eat
906 1409 930 1452 ⁰.
982 1412 1090 1468 semper
1111 1396 1285 1466 inseparabili
1308 1396 1373 1468 jugo
1395 1413 1531 1453 connexas
1554 1399 1718 1468 reperimus;
1742 1383 1769 1456 in

131 1488 208 1546 dcsi
215 1490 333 1559 sapienti
345 1490 660 1561 intersepiantesdonum
670 1489 933 1560 intelligentiaecon·
983 1487 1062 1543 malis
1081 1497 1193 1570 auteur,
1218 1501 1305 1555 quae,
1332 1502 1394 1542 cum
1410 1501 1426 1541 a
1442 1485 1496 1542 ilco
1510 1502 1563 1542 non
1577 1486 1649 1552 sint,
1665 1489 1772 1557 penitus

131 1594 246 1636 oessum
258 1581 375 1646 ridetur,
390 1581 452 1634 dum
469 1580 603 1650 apostolis
618 1580 735 1635 dicitur:
753 1577 932 1633 l'odr'adotuat
982 1577 1052 1634 nllril
1078 1584 1163 1642 suot,
1188 1577 1396 1649 praescientiam
1416 1577 1591 1647 saepissime,
1607 1587 1771 1635 remantem

130 1680 176 1724 ιιι
188 1686 268 1726 noue
279 1671 404 1739 mysteria
420 1668 512 1739 Requi.
525 1669 554 1725 st
569 1670 637 1725 iracc
647 1680 675 1724 et
689 1669 820 1739 ejusmodi
836 1668 869 1723 dc
883 1669 933 1723 im-
981 1666 1260 1738 praedestinationem
1271 1666 1416 1722 nontiuari.
1427 1666 1504 1734 Quod
1515 1665 1773 1724 consultoutllitatis

131 1759 264 1828 piissimo
276 1759 388 1814 homine
403 1758 574 1829 intelligenda
589 1768 653 1813 stunt
666 1759 846 1822 econtrario,
866 1755 930 1828 quid
982 1768 1092 1813 nostrae
1105 1757 1250 1827 contigisse
1261 1757 1437 1813 credendum.
1454 1756 1541 1812 Prolre
1562 1757 1683 1826 quidem,
1697 1768 1728 1814 ut
1740 1773 1773 1814 eo

132 1851 253 1915 nimiu,
275 1851 402 1919 etipsnm
422 1859 617 1920 consortesque
642 1823 850 1904 mammae
867 1849 929 1919 inre
944 1832 968 1893 Β
982 1851 1064 1905 modo
1079 1849 1185 1906 dicendi
1204 1850 1425 1914 admoneremur,
1449 1864 1501 1904 nort
1527 1834 1676 1904 aliudesse
1695 1864 1774 1920 prae·

134 1941 223 1996 simili
237 1939 432 2010 praedestinati
446 1939 579 1995 dicantur.
595 1939 670 1993 Sicut
686 1939 758 1994 euim
776 1938 865 1993 nullus
881 1938 932 1992 im·
981 1938 1148 2002 scientiam,
1171 1935 1244 1992 aliud
1269 1923 1560 2006 praedestinationem,
1587 1940 1636 1996 sed
1670 1956 1773 2004 uounr,

132 2033 249 2102 piorum
265 2032 376 2103 cligitur
392 2031 426 2086 ad
444 2030 568 2101 gloriam,
585 2031 621 2085 itu
635 2030 724 2086 nullus
740 2044 834 2085 eorum
853 2042 933 2099 prae-
982 2026 1091 2096 qnando
1104 2025 1185 2080 simul
1195 2039 1303 2094 semper
1319 2025 1347 2079 iu
1359 2027 1413 2090 luis,
1428 2041 1498 2095 quae
1511 2027 1544 2082 alr
1557 2029 1597 2083 eis
1610 2028 1654 2084 rel
1667 2038 1773 2094 creata,
1854 2083 1862 2098 ,

132 2123 296 2177 destimtm
306 2121 340 2174 ad
351 2135 476 2190 poenant.
490 2118 721 2186 Quemadmodum
743 2119 842 2189 quippe
858 2116 932 2173 nullo
982 2116 1025 2171 rel
1035 2117 1136 2171 tlonata
1151 2124 1225 2183 sarit,
1238 2115 1435 2186 intelliguntur,
1451 2117 1477 2171 iu
1490 2117 1533 2172 luis
1543 2133 1618 2183 uero,
1632 2131 1703 2188 quae
1723 2135 1773 2174 uec

134 2212 220 2267 ruodo
235 2210 346 2266 excedit
371 2209 467 2265 electio
490 2224 633 2264 numerum
657 2183 930 2277 praedestinatorum,
981 2207 1200 2264 substantialiter
1211 2207 1246 2262 alr
1259 2206 1299 2261 cis
1313 2215 1435 2276 operata,
1451 2220 1502 2261 nec
1523 2205 1657 2278 largitatis
1677 2224 1772 2265 earum

133 2302 174 2357 ita
188 2300 404 2371 praedestinatio
421 2298 575 2354 nullomodo
592 2298 701 2355 excedit
714 2312 855 2356 mimeram
877 2297 933 2353 ele·
984 2299 1111 2354 thesauro
1124 2299 1235 2364 donata,
1251 2311 1299 2352 eas
1312 2312 1377 2352 vero
1395 2298 1509 2362 deesse,
1524 2297 1649 2365 quamuis
1663 2299 1773 2355 abusive

133 2402 258 2449 ctoruun
982 2389 1215 2446 dicanturadessc
1234 2388 1336 2459 passim
1354 2391 1363 2422 ¹
1385 2389 1494 2472 qnidam
1517 2387 1706 2456 praescientia,
1723 2404 1772 2459 per

172 2481 218 2537 ΙΙΙ.
233 2479 308 2535 llaec
319 2479 414 2535 cadem
430 2476 536 2534 dicendi
552 2476 670 2547 species,
685 2490 737 2546 qua
749 2475 849 2531 dicitur
860 2473 933 2532 deus
983 2482 1041 2537 loca
1064 2489 1154 2562 agr-tem
1171 2482 1391 2554 praedestinatio,
1415 2481 1442 2535 in
1465 2488 1582 2546 tantum,
1594 2486 1624 2533 ut
1646 2487 1772 2549 tauquam

138 2569 361 2641 laminam
374 2566 488 2638 l⁰l⁰⁸²⁰⁵
498 2564 533 2620 ²⁰
543 2579 645 2634 poenas
655 2563 696 2618 l't‘J
707 2578 800 2618 eorum
811 2572 931 2633 peccam·
983 2572 1090 2642 specics
1109 2572 1135 2627 in
1157 2588 1256 2642 qenerc
1269 2588 1322 2627 naa
1334 2571 1459 2628 uideatur
1473 2570 1501 2625 iu
1515 2570 1611 2636 altera,
1621 2570 1773 2640 praedesti·

138 2660 284 2713 rideretur
297 2668 372 2713 recte
386 2656 470 2726 accipi
484 2669 574 2726 posse,
589 2668 622 2710 ac
636 2654 658 2709 si
672 2653 829 2719 diceretur,
855 2668 934 2723 prae-
983 2666 1060 2721 „³110
1078 2665 1105 2720 tn
1119 2667 1313 2737 praesepem

139 2752 239 2806 sciisse
256 2749 329 2804 Deus
345 2749 459 2820 injustos·
479 2755 636 2818 peccatores
656 2761 717 2802 esse
734 2746 849 2813 laturos,
870 2763 935 2817 poe·
1019 2755 1051 2811 v.
1069 2755 1121 2809 Sed
1148 2755 1171 2809 ei
1195 2770 1275 2824 quem
1300 2762 1423 2819 moreat,
1446 2753 1516 2824 qnod
1536 2752 1638 2808 recitas
1661 2753 1775 2809 suadere
1863 2761 1872 2778 '

140 2855 248 2911 aesque
262 2845 440 2910 passurusne
449 2835 675 2907 quemadmodum
688 2836 800 2891 scicntia
816 2851 931 2905 semper.
983 2842 1121 2896 mentibus
1144 2842 1218 2897 sanis
1244 2858 1297 2895 non
1318 2849 1427 2905 cessat,
1448 2840 1532 2896 lleum
1551 2839 1677 2895 uidelicet
1698 2855 1775 2910 prae·

138 2930 206 2985 mam
231 2930 321 3002 agitur
341 2929 374 2984 de
396 2927 513 2992 electis,
531 2927 591 2983 loco
603 2928 857 2996 praedestinationis
872 2938 934 2998 apte
984 2930 1071 2984 scium
1086 2945 1205 3000 praeque
1220 2932 1230 2962 ¹
1246 2930 1440 2985 destinatorem
1459 2929 1597 2993 omninno,
1612 2944 1682 2998 quac
1693 2929 1728 2983 alt
1743 2943 1774 2985 eu

140 3019 295 3090 accipitur,
315 3019 352 3073 ita
371 3017 598 3087 praedestinatio,
621 3016 834 3085 quotiescunque
847 3017 880 3071 de
893 3031 934 3071 re·
983 3029 1057 3082 suut,
1066 3033 1137 3084 esse,
1148 3033 1242 3075 eorum
1253 3034 1328 3084 uero,
1337 3033 1408 3088 qnae
1421 3017 1455 3073 alt
1466 3033 1499 3072 eo
1512 3033 1565 3072 nou
1578 3018 1775 3087 sonumque

138 3110 237 3182 proluis
259 3117 407 3173 tractatur,
440 3121 490 3177 pro
517 3106 698 3177 praescientia
731 3107 932 3174 compensative
985 3108 1131 3172 nilrilsint,
1154 3123 1206 3164 nou
1221 3124 1293 3175 esse,
1317 3108 1343 3163 in
1367 3123 1398 3164 se
1422 3109 1509 3179 ipsum
1524 3109 1628 3174 redeat,
1642 3108 1723 3164 altius
1735 3110 1775 3163 ic·

140 3198 306 3268 accipiatur,
321 3196 344 3251 si
359 3210 424 3250 vera
440 3208 493 3249 non
506 3194 639 3264 objiceret
663 3193 752 3259 ratio,
776 3196 932 3262 praescicn·
985 3200 1093 3266 tandm,
1115 3200 1200 3269 ipsam
1222 3201 1365 3255 veritatem
1384 3199 1509 3255 consulat
1523 3199 1546 3253 ².
1566 3200 1776 3268 laeuamque

142 3293 212 3346 tiam
227 3303 333 3353 eorum,
346 3301 417 3357 quae
430 3301 481 3342 non
492 3294 566 3351 sunt,
584 3285 641 3340 steri
655 3299 708 3340 ¹10⁰
724 3299 813 3354 posse·
832 3286 871 3341 dc
918 3302 931 3341 r
984 3290 1093 3348 lucillae
1114 3293 1216 3364 absque
1232 3291 1347 3363 caligine
1365 3290 1480 3363 rclrrlget
1492 3291 1648 3362 praesciens
1660 3291 1775 3362 praede·

127 3385 197 3466 Q
210 3383 306 3438 eodem
324 3379 405 3435 modo
419 3379 518 3434 dicitur
539 3379 610 3433 Deus
625 3379 826 3448 praedestinare
840 3394 934 3449 quem·
983 3385 1103 3449 stinatio,
1118 3392 1145 3440 et
1164 3384 1343 3454 praescientia
1358 3384 1564 3454 praedestinans
1576 3383 1773 3448 essentialiter;

141 3490 227 3547 quam
242 3474 276 3528 ad
290 3471 420 3543 supplicia
434 3484 606 3540 pocuarm,
628 3485 683 3540 qao
703 3471 785 3525 etiam
803 3472 934 3526 asseritur
984 3489 1051 3529 sane
1068 3475 1195 3555 quidem,
1213 3475 1321 3544 quando
1345 3475 1457 3530 delleo
1483 3474 1549 3530 nildl
1574 3473 1778 3530 accidentaliter

142 3563 284 3635 praescius
296 3575 356 3616 esse
368 3568 541 3630 peecatorum
557 3557 724 3621 :intantum
739 3566 770 3613 ut
783 3548 869 3628 paene
879 3575 933 3615 uno
983 3564 1165 3632 praedicatur.
1183 3564 1402 3637 Quomodo-erqo
1420 3580 1525 3620 summa
1542 3565 1659 3619 essentia
1676 3565 1702 3619 in
1719 3564 1773 3629 his,

141 3654 294 3722 eodcurque
308 3660 387 3729 tropo
398 3651 570 3722 praedicetur
579 3651 613 3707 dc
626 3666 658 3706 eo
672 3661 844 3722 peccatorum
856 3668 934 3722 prac-
983 3669 1055 3723 qnae
1074 3654 1141 3709 uilril
1164 3663 1238 3719 sunt,
1255 3669 1317 3711 esse
1330 3653 1342 3686 ⁸
1355 3655 1506 3710 credenda?
1522 3654 1665 3725 qujaml
1684 3653 1713 3709 Si
1728 3655 1776 3709 liei

142 3745 271 3809 scieritis,
283 3759 338 3814 quo
350 3752 378 3800 ct
390 3742 602 3814 praedestinatio
617 3757 711 3798 eornm
731 3742 765 3797 ad
778 3751 911 3798 tormenta
924 3760 931 3810 ;
983 3745 1165 3814 praescientia
1189 3744 1261 3801 licus
1274 3752 1325 3804 est.
1344 3744 1501 3800 necessario
1515 3743 1526 3776 ⁸
1542 3752 1571 3797 et
1586 3743 1697 3797 veritas.
1719 3742 1776 3799 lloe

142 3845 259 3906 excepto
272 3837 343 3906 quod
366 3835 491 3889 usitatius
506 3842 588 3904 atque
608 3834 777 3904 frequentius
798 3834 826 3890 in
849 3836 934 3890 sacris
985 3834 1100 3889 dixerim
1110 3834 1144 3889 de
1156 3833 1413 3903 praedestinatione.
1429 3831 1458 3888 Si
1472 3844 1502 3887 ct
1516 3833 1572 3903 ipsa
1588 3831 1776 3919 licuchul

144 3926 307 3983 lectionibus
319 3927 476 3982 inueniatur
487 3924 667 3995 praesciisse,
689 3941 770 3995 quant
781 3927 934 3996 praedesti·
985 3927 1067 4004 (dubio
1086 3927 1199 3981 ueritas.
1218 3945 1228 3977 t
1244 3926 1349 3981 Veritas
1369 3934 1479 3990 antem,
1495 3932 1525 3979 ut
1539 3925 1579 3978 ait
1591 3923 1775 3995 Augustinus,

145 4034 228 4073 rasse
242 4025 270 4072 ct
284 4025 395 4087 peccata
417 4024 446 4071 et
471 4031 583 4086 poenas.
598 4015 667 4072 ilinc
681 4017 737 4084 ipse
749 4015 933 4087 Augustinus,
984 3996 1097 4069 neccsse
1111 4023 1157 4069 cst
1169 4021 1200 4067 ot
1214 4015 1241 4069 in
1257 4014 1348 4084 aliquo
1361 4015 1414 4077 sit,
1427 4013 1479 4069 hoc
1493 4023 1554 4078 est,
1569 4015 1596 4068 in
1610 4014 1682 4069 reris
1697 4022 1777 4084 atque

145 4108 319 4164 acutissimas
337 4107 445 4176 quidem
459 4086 794 4177 ueritatiset‘inquisitor
806 4118 833 4163 ct
847 4124 935 4164 asser·
985 4106 1157 4161 manentibus
1167 4105 1248 4162 celtus
1257 4116 1297 4161 ιι.
1313 4092 1644 4191 Prointmsipfnescicntia
1658 4114 1687 4161 et
1699 4121 1778 4175 prae·

146 4209 202 4261 tor,
216 4197 310 4253 talium
327 4196 406 4251 uolris
421 4196 545 4265 exempla
562 4196 727 4251 locutionum
738 4197 765 4251 in
776 4198 833 4252 suis
844 4213 935 4254 exem·
985 4197 1132 4252 destinatio
1150 4197 1251 4252 veritas
1273 4205 1336 4252 sunt
1354 4215 1361 4253 ε
1376 4198 1476 4254 veritas
1489 4207 1579 4251 antem
1595 4211 1721 4251 verorum
1736 4203 1779 4250 cst

146 4287 268 4357 plarilaus
280 4285 435 4356 relinquere
446 4286 612 4355 procurarit,
628 4285 667 4340 uti
683 4300 732 4340 nos
746 4286 868 4356 accipere
880 4302 934 4341 non
985 4288 1098 4354 veritas,
1116 4304 1187 4358 quae
1201 4291 1261 4345 ideo
1279 4306 1344 4345 vcra
1356 4299 1430 4356 sunt,
1447 4291 1509 4360 qnia
1524 4291 1557 4344 ab
1570 4306 1603 4346 eo
1615 4289 1684 4344 lacta
1697 4297 1775 4343 sunt:

146 4363 238 4449 pigeat
250 4379 276 4433 in
291 4376 538 4448 praedestinatione
556 4384 638 4446 atque
650 4377 830 4445 praescientia
844 4377 934 4431 diuina
984 4380 1165 4450 praescientia
1181 4380 1271 4451 ,icium
1288 4390 1316 4436 et
1333 4381 1545 4452 praedestinatio
1564 4396 1616 4435 non
1637 4385 1701 4435 surrt
1723 4378 1776 4432 nisi

146 4468 264 4525 eundem
275 4468 431 4524 omnimodo
444 4467 621 4529 intellectam,
632 4468 757 4535 quamuis
769 4482 821 4522 non
833 4481 934 4536 aequa·
986 4486 1092 4537 eorum,
1114 4486 1185 4542 quac
1204 4487 1219 4526 a
1233 4473 1350 4528 ueritate
1374 4470 1446 4527 lacta
1462 4479 1534 4525 sunt.
1550 4470 1578 4524 Si
1591 4478 1777 4540 peccatorum,

146 4558 214 4613 liter
230 4556 384 4614 omnimoda
405 4569 454 4612 eas
477 4555 646 4611 inveniamus
665 4555 692 4610 in
705 4554 862 4626 ,scripturis
881 4556 935 4610 osi·
986 4571 1017 4616 ut
1030 4562 1137 4632 opinor,
1159 4576 1213 4618 uon
1235 4571 1277 4617 est
1300 4565 1412 4626 ueritas,
1427 4561 1563 4631 quomodo
1581 4567 1777 4629 potesteorum

146 4657 231 4704 tatas.
986 4664 1047 4705 esse
1065 4651 1245 4720 praescientia
1266 4651 1308 4707 vel
1328 4650 1562 4723 praedestinatio?
1578 4648 1651 4740 Qu
1677 4649 1699 4704 si
1727 4662 1776 4702 ne-

181 4738 228 4793 lll.
238 4736 579 4824 tl-efflsaluberrlmo
589 4736 785 4808 verissimoque
796 4753 876 4794 sensu
890 4741 936 4795 de·
986 4741 1106 4797 cessario
1120 4743 1147 4796 in
1162 4743 1235 4798 reris
1249 4744 1331 4799 rebus
1341 4752 1383 4799 est
1398 4743 1508 4807 veritas,
1524 4742 1551 4796 iu
1564 4741 1701 4823 sicigitur
1715 4748 1778 4796 strat

145 4828 442 4898 renascentesque
455 4829 512 4898 ipse
525 4838 653 4898 tanquam
665 4831 933 4885 nosadmonensait:
957 4868 965 4879 ,
985 4831 1167 4901 praescientia
1180 4842 1208 4888 et
1218 4833 1440 4905 praedestinatio.
1458 4833 1486 4888 Si
1501 4848 1603 4898 omne,
1617 4832 1688 4902 qnod
1702 4839 1778 4885 natir-

147 4938 158 4971 a
177 4916 275 4973 Omnis
287 4918 500 4988 praedestinatio
512 4917 702 4987 praescientia,
714 4919 762 4971 sed
779 4933 832 4974 oon
846 4919 935 4974 carnis
986 4918 1082 4976 rulitcr
1100 4930 1153 4987 est,
1167 4937 1201 4978 ex
1216 4924 1331 4980 ueritate
1347 4938 1408 4981 esse
1429 4937 1540 4979 necesse
1563 4931 1620 4988 est;
1646 4912 1776 4991 qtridqttid

144 5007 328 5080 praescientia
342 5005 551 5075 praedestinatio
562 5003 576 5045 d
589 5022 612 5057 r.
625 5004 934 5089 Qret,
989 5021 1054 5064 vcro
1068 5011 1216 5067 secuudum
1238 5020 1363 5068 naturam
1384 5026 1438 5071 nuo
1458 5012 1510 5077 sit,
1524 5012 1587 5083 quis
1599 5009 1728 5065 dubitarit
1742 5021 1776 5062 ex

143 5109 302 5167 quanquam
315 5093 495 5163 praescientia
508 5108 562 5148 non
578 5093 752 5148 transcendat
771 5092 840 5149 dites
854 5108 935 5164 prae·
987 5100 1102 5158 veritate
1120 5118 1174 5161 uua
1193 5118 1254 5162 csse
1269 5112 1430 5177 :peccatum
1449 5114 1543 5161 contra
1564 5110 1688 5158 naturam
1712 5107 1775 5154 est.

785 5204 914 5261 VdedE
932 5208 1131 5272 attestantes

182 5313 545 5399 '‘mil’mfmdicsisslle·
587 5309 826 5394 ’stocos-(pq),
844 5314 880 5370 Μ·
898 5321 1061 5393 diluturum.
1100 5325 1237 5395 ’Siclda
1253 5328 1314 5384 cod.
1332 5329 1458 5384 consulet.
1493 5327 1653 5391 ‘Sicc0d.,
1670 5323 1705 5378 ll·
1725 5327 1774 5373 etl·

141 5390 154 5421 ⁶
170 5386 218 5441 Sic
233 5385 307 5448 cod..
328 5382 364 5437 ll.
385 5382 456 5439 Deus
470 5394 522 5449 est,
538 5391 576 5438 ert
595 5397 759 5439 necessario.

180 5578 193 5603 ¹
216 5562 301 5618 traam
314 5552 410 5623 xxti,
420 5560 465 5614 dd.
900 5490 1040 5604 Nomii
1056 5564 1198 5635 dttgrtstin.
1213 5568 1246 5622 de
1260 5567 1395 5623 Prucdert.
1407 5578 1491 5623 cunct.
1504 5583 1530 5622 c·
1544 5567 1587 5622 ld.

183 5632 292 5685 ultan.
306 5631 364 5691 xli,
377 5631 421 5695 ll,
436 5631 479 5684 ts.
1029 5646 1041 5674 ·
1055 5635 1195 5705 Angustia.
1211 5639 1244 5691 de
1258 5655 1317 5692 reru
1334 5637 1418 5708 liclia.
1431 5652 1456 5693 c.
1470 5636 1515 5691 se.

184 5716 195 5741 t
215 5702 309 5756 llattlr.
326 5698 417 5765 xxttt,
430 5701 456 5755 9.
