4167 6625
71 485 140 541 981
535 484 579 540 nb
598 481 766 539 ulltstunti
785 477 960 537 NATUME.
981 512 1016 527 -
1034 482 1136 540 bruun
1155 485 1316 554 obtulus.
1679 490 1731 549 Μ

71 618 182 675 gnum
195 603 273 658 ritae
288 602 314 658 in
328 600 454 673 paradiso
468 615 528 659 esse
542 588 666 667 testatur,
682 592 728 656 se'd
742 599 896 671 erpresslus
911 599 1084 661 iClnistmtt
1096 600 1302 669 deseribuntur,
1315 604 1377 674 quia
1394 600 1514 676 ingelioa
1532 612 1628 661 natum
1644 610 1730 665 scusi·

70 696 109 749 in
130 692 233 749 medio
246 692 419 763 paradisi,'ut
432 692 689 764 vocabuloparndisi
702 682 786 746 tol'nm
799 691 903 745 huma-¹
944 688 1026 747 bilem
1042 701 1069 748 et
1083 693 1280 765 iuuttigtbncm
1293 696 1621 765 mnurlumadurinistru13
1638 714 1733 769 otram·

71 798 154 838 nam
177 782 322 847 rt'aturam,
340 768 420 852 diram
444 796 540 839 omnes
562 782 710 839 homines¹
731 791 760 839 et
781 782 846 838 boul
866 789 902 837 et
944 781 1050 837 ustrou
1064 782 1373 842 imationabilitenunus·
1388 786 1533 843 Cherubim
1548 789 1574 845 in
1591 789 1675 860 ignara
1689 792 1732 846 in-

72 875 155 930 rnaii
174 875 360 946 participant,
380 872 522 955 intelligas,
545 877 626 932 medii
642 891 707 932 vero
717 862 777 946 eltis
795 875 895 948 signita-
944 872 1102 930 tellectualis
1124 876 1151 930 ln
1175 877 1293 948 angelis,
1308 879 1377 934 alter
1389 892 1454 936 vcro
1472 881 1499 935 in
1516 890 1578 952 typo
1592 882 1733 941 rationalis

71 967 209 1022 catione
235 963 437 1023 secretissimbs‘
454 966 617 1036 idtilnosque
640 966 757 1036 eiusdem
782 952 902 1021 naturae
943 970 1056 1021 naturae
1066 965 1092 1021 in
1104 962 1258 1023 hominibus
1272 970 1429 1039 accipiatur.
1439 971 1622 1043 intelligibiles
1634 975 1733 1044 quippe

72 1058 173 1114 sinus
189 1098 198 1126 ,
225 1059 253 1114 in
278 1055 374 1128 quibus
392 1057 482 1129 imago
496 1066 524 1112 et
542 1056 689 1112 similitudo
703 1057 751 1111 liei
766 1048 900 1126 expressu'
943 1055 1169 1128 rationabilesque
1182 1054 1346 1116 substantias
1356 1062 1494 1132 proximas
1508 1063 1616 1119 cinisio
1635 1079 1695 1123 esse
1710 1066 1733 1107 ¹¹

72 1156 144 1213 est,
162 1148 216 1204 uhi
233 1147 332 1220 lignum
346 1147 429 1214 ritae,
443 1148 495 1203 hoc
506 1154 549 1203 est
561 1147 692 1202 bonitum
711 1153 804 1201 noster
814 1138 900 1201 lesus’
942 1162 1022 1205 trenno
1035 1151 1188 1220 sapientum
1204 1152 1317 1208 dubitat.
1331 1151 1448 1210 Videsne
1462 1170 1537 1227 orgo,
1551 1170 1632 1227 quam
1648 1158 1730 1215 altum

73 1238 240 1306 Christus,
253 1239 413 1313 plantatum,
427 1239 504 1310 cujus
515 1237 739 1309 contemplatione
751 1247 830 1293 nemo
840 1235 892 1293 nlsl
942 1249 969 1296 et
983 1242 1189 1311 supernaturale
1200 1252 1253 1308 est,
1268 1243 1321 1300 tale
1332 1245 1432 1315 lignum
1447 1246 1474 1301 in
1489 1248 1577 1302 rrrsdio
1592 1249 1730 1319 paradisi,

74 1331 312 1405 purgatissimus
335 1332 386 1387 lide
407 1340 434 1387 et
455 1333 579 1395 actione,
604 1339 632 1387 et
648 1327 892 1385 illuminatissimus
942 1332 1210 1390 hurmanaeridelioet
1223 1334 1732 1408 natume,plantutumadire¹¹,·eoqua

74 1424 238 1488 scientia,
266 1430 292 1478 et
306 1422 519 1493 perfectissimus
541 1423 672 1494 sapientia
693 1430 721 1476 et
739 1421 889 1477 divinorum
942 1423 1005 1479 ibui.
1019 1425 1059 1479 hd
1075 1425 1126 1481 hoo
1139 1437 1270 1483 remotum
1293 1429 1327 1485 ab
1350 1429 1597 1501 omnibuslignnru,
1615 1432 1732 1502 solisque

72 1514 294 1586 mysteriorum
316 1512 492 1585 intelligentia
514 1513 566 1569 lrui
591 1513 698 1568 sinitur.
723 1513 755 1566 Et
777 1512 838 1578 hoo,
862 1518 890 1566 ut
942 1514 1073 1569 deilicatls
1093 1530 1251 1572 coricessnm
1272 1517 1372 1573 Paulus
1398 1529 1494 1589 raptus
1512 1530 1556 1577 est
1574 1522 1600 1577 in
1623 1525 1731 1581 tertium

75 1606 232 1673 arbitror,
245 1607 272 1662 in
292 1608 408 1679 mystica
425 1604 577 1664 Salomonis
594 1606 685 1678 templi
704 1594 898 1661 acdincottona'
941 1616 1053 1663 triturae
1068 1616 1177 1664 nostrae
1192 1608 1306 1675 caelum,
1322 1609 1373 1665 hoc
1385 1620 1427 1666 est
1444 1626 1526 1682 snper
1541 1628 1622 1670 omno
1634 1630 1733 1683 corpus

73 1697 314 1767 praefiguratum
335 1704 387 1753 est.
413 1694 513 1753 Omnes
536 1697 688 1767 siquidem,
711 1698 818 1752 nemine
841 1712 890 1752 es·
940 1701 1104 1771 etspiritum
1129 1701 1240 1757 vitalem
1264 1702 1291 1758 in
1317 1703 1405 1772 ipsum
1432 1702 1606 1768 intellectum,
1629 1705 1657 1759 ln
1679 1720 1733 1774 prro

74 1790 168 1844 cluso
184 1791 208 1855 ¹,
228 1798 257 1844 et
269 1789 331 1845 boni
346 1796 374 1844 et
387 1788 461 1854 matt,
475 1790 628 1846 circumcisi
648 1798 675 1845 ct
696 1789 889 1856 incircumcisi,
941 1791 988 1848 bct
1003 1792 1131 1857 Verbum,
1146 1794 1216 1863 quod
1232 1803 1272 1848 est
1287 1793 1388 1865 lignum
1404 1795 1486 1859 ritae,
1503 1792 1631 1848 ineffabili
1654 1796 1733 1849 modo

78 1881 212 1937 ntascuii
235 1889 264 1936 et
287 1879 414 1948 lemicae,
430 1895 579 1951 omnesque
601 1881 682 1935 totius
695 1881 787 1936 mucidi
800 1880 888 1935 natio·
941 1892 1022 1952 super
1032 1897 1140 1938 omnem
1153 1884 1300 1937 essentiam
1315 1895 1342 1937 et
1357 1884 1488 1938 virtutem
1507 1891 1534 1938 et
1548 1882 1732 1952 operationem

78 1989 152 2039 nes,
169 1974 232 2028 siue
247 1973 378 2029 orationis
394 1973 451 2029 sire
465 1973 565 2043 negotii
589 1986 670 2027 causa
695 1972 812 2043 undique
827 1973 889 2029 illuc
903 1943 968 2029 Bin
985 1972 1045 2029 iuoe
1060 1972 1166 2028 habitat
1179 1972 1371 2039 inaccessibili,
1391 1972 1463 2028 ultra
1478 1981 1508 2029 et
1520 1974 1591 2029 intra
1607 1983 1733 2028 naturam

79 2063 285 2131 eorthuerent,
310 2066 336 2119 in
349 2074 485 2121 extremas
499 2064 620 2136 porticus
634 2065 780 2131 intrabant,
798 2064 890 2136 ibique
941 2066 975 2120 ad
988 2065 1133 2135 imaginem
1145 2064 1192 2120 liei
1206 2063 1314 2120 iactam.
1330 2065 1358 2120 ln
1369 2066 1457 2136 mrum
1469 2064 1731 2135 ltaqueparadisurr,

80 2158 205 2229 negotia
220 2171 269 2211 sua
282 2156 414 2229 peragere
428 2157 586 2213 sinebantur
601 2174 609 2211 τ
622 2156 672 2213 soli
687 2168 751 2212 vero
764 2158 888 2213 sacerdo·
939 2156 1021 2213 ueluti
1034 2156 1061 2210 in
1074 2154 1268 2224 amplissimum
1285 2155 1552 2223 secretissimumque
1566 2156 1587 2193 ¹⁸
1602 2152 1738 2222 templum>

81 2256 134 2304 tes
147 2254 178 2304 et
191 2248 202 2281 ¹
216 2247 328 2303 Levitae
342 2249 369 2304 in
384 2249 516 2318 porticum
532 2245 710 2303 Sacerdotem
724 2255 752 2302 et
765 2247 791 2302 in
805 2249 888 2319 porti·
939 2258 1032 2303 omnes
1046 2246 1180 2312 homines,
1193 2246 1378 2315 unusquisque
1387 2247 1534 2301 secundum
1549 2258 1626 2298 sumu
1640 2244 1733 2298 analo·

82 2354 157 2394 cum
174 2338 329 2394 Salomonis
353 2322 583 2409 ingrediebantur.
608 2336 710 2395 llelnde
732 2339 888 2396 sacerdotes
939 2340 1009 2410 glum
1029 2338 1156 2403 intrabit;
1175 2347 1204 2392 et
1223 2336 1356 2393 habitabit
1378 2336 1405 2392 in
1430 2336 1470 2391 cis
1484 2335 1551 2405 ipse,
1568 2334 1615 2404 qui
1640 2333 1731 2388 dixit:

82 2426 143 2485 loti
159 2440 189 2486 et
202 2428 309 2501 purpntl
324 2429 351 2485 iu
375 2427 443 2484 mari
466 2441 560 2492 aeneo,
575 2429 647 2498 quod
668 2436 726 2483 orat
741 2429 767 2483 in
782 2429 888 2498 porticu
939 2424 997 2502 Epo
1010 2448 1055 2487 ero
1066 2434 1093 2486 in
1106 2432 1191 2486 medio
1205 2448 1306 2487 eornm.
1328 2431 1397 2486 ilinc
1411 2430 1545 2501 Propheta
1560 2446 1567 2483 z
1589 2427 1657 2483 loto
1673 2443 1731 2487 uren

82 2518 263 2584 Salomonis,
278 2518 305 2573 ln
323 2526 445 2573 sanetum
460 2517 588 2588 tempium
607 2519 736 2584 exterius,
752 2519 796 2573 ubl
809 2529 889 2575 cmm
939 2512 1035 2591 inquit,
1048 2522 1154 2576 reddam
1167 2523 1338 2590 incompacta
1348 2522 1433 2576 omrtlr
1444 2519 1532 2591 populi
1544 2516 1732 2589 omniomnis

83 2624 186 2682 panes
200 2610 387 2682 propositionis
410 2618 438 2666 et
459 2611 632 2676 candelabra,
646 2611 804 2678 introibant,
822 2610 886 2667 nurill
938 2612 1031 2666 domur
1044 2611 1159 2676 Domini,
1169 2611 1196 2665 in
1219 2610 1304 2666 predio
1317 2611 1365 2675 tni,
1377 2608 1523 2665 Jerusalem
1537 2608 1573 2662 ¹¹,
1583 2605 1732 2664 ierusnletn

83 2718 165 2759 vero
180 2703 250 2758 ultra
262 2702 348 2758 velum
363 2701 389 2756 in
401 2700 682 2768 sanctasanctorum,
695 2703 810 2759 ubierat
824 2712 887 2760 arca
938 2703 1071 2773 siquidem
1085 2704 1149 2757 nisio
1158 2704 1295 2773 poris,seu
1308 2702 1432 2773 templum
1443 2702 1515 2772 poris
1529 2702 1732 2770 interpretatur,

86 2805 122 2850 et
138 2794 228 2850 altare
250 2796 454 2865 thymiamatis,
478 2801 506 2849 et
527 2794 762 2865 propitiatorium,
788 2805 816 2851 et
835 2797 887 2853 duro
938 2804 965 2849 ct
980 2795 1036 2865 ipso
1047 2795 1195 2849 estrlomns
1206 2794 1312 2849 botuuini
1326 2790 1352 2849 nt
1365 2802 1732 2863 ntontesupcmaecontorn·

87 2887 252 2954 Cherubim,
268 2870 318 2943 nisi
333 2902 440 2944 surnrno
453 2887 586 2944 sacerdoti
603 2888 850 2945 introire¹licebat
864 2892 885 2945 ¹.
938 2886 1066 2956 plationis
1096 2884 1252 2951 nedillonta,
1281 2886 1314 2939 aul
1342 2900 1423 2954 ortam
1452 2885 1582 2955 propbeta
1608 2885 1732 2938 bortatur

89 2980 136 3035 Er
150 2981 203 3036 hoc
220 2979 301 3037 datm¹
314 2980 437 3052 intelligi,
451 2995 545 3036 omnes
561 2981 783 3038 homines‘lntra
795 2983 888 3038 termi·
937 2991 1033 3034 ornrros
1044 2978 1165 3033 homines
1173 2992 1222 3046 per
1232 2976 1360 3031 uirtutum
1373 2976 1473 3043 gradus
1482 2984 1510 3030 et
1520 2973 1730 3045 speculatiomnu

91 3085 146 3126 nos
169 3070 299 3129 naturalis
319 3072 455 3143 paradisi,
475 3072 557 3129 veln'ii
581 3074 650 3131 intra
666 3074 800 3145 quoddam
820 3085 888 3131 tem.
938 3064 1094 3125 altitudines
1116 3068 1275 3134 ascendero,
1298 3066 1412 3121 ilicem:
1432 3064 1533 3130 Venite,
1558 3063 1731 3119 esuriremus

90 3161 181 3232 plum,
195 3163 436 3232 unumquemque¹
460 3150 551 3218 ῐηῖιῖο
570 3162 665 3221 ordine
678 3137 822 3231 cuminum,
837 3166 886 3222 soli
937 3161 972 3213 ud
983 3169 1095 3213 ormnem
1106 3157 1211 3217 Domini
1222 3169 1245 3211 ct
1257 3157 1292 3211 od
1305 3158 1412 3211 ‹lomnm
1426 3155 1473 3210 ilci
1484 3154 1578 3213 locui.
1590 3153 1648 3209 Non
1659 3153 1730 3209 ctrint

90 3269 163 3309 vero
186 3254 213 3310 ln
237 3254 346 3312 Christo
368 3255 527 3312 sanctiticati
543 3256 672 3313 interiora
691 3258 840 3326 lutralntnt,
858 3266 922 3350 etc
938 3253 1000 3308 alibi
1013 3251 1118 3308 habitat
1131 3246 1211 3314 bons,
1224 3248 1275 3304 nisi
1287 3248 1314 3304 ln
1328 3250 1482 3302 humiliati
1492 3246 1612 3318 alluenti
1625 3254 1736 3309 ”illitis

91 3347 196 3401 iterum
208 3347 237 3400 in
250 3345 347 3403 Sancta
357 3345 529 3414 Sanctorum,
542 3347 624 3405 t'elnti
640 3350 665 3404 in
704 3350 831 3407 interiora
846 3351 887 3406 in·
939 3347 1036 3417 qulbus
1056 3345 1120 3401 solis
1143 3344 1258 3400 donatur
1278 3341 1470 3412 contemplatio
1484 3339 1617 3395 veritatis.
1640 3335 1732 3406 iisqne

90 3431 890 3511 teriarum‚ipsl‚t1ulinsummopontilice,'Clrrlsto.sid'e-·
938 3440 987 3495 itas
1004 3440 1070 3495 diras
1091 3446 1202 3493 natrices
1222 3436 1303 3492 relrrti
1318 3436 1385 3490 duas
1405 3435 1501 3489 domus
1517 3433 1646 3488 debemus
1661 3431 1731 3486 acci·

93 3530 174 3594 licet,
187 3538 259 3594 sunt,
272 3537 300 3585 et
314 3545 395 3584 unitur
408 3546 469 3586 enm
484 3531 552 3601 ipso,
567 3540 595 3587 et
612 3533 639 3587 in
659 3533 717 3602 ipso
732 3530 795 3589 lacti
810 3540 885 3599 suut,
937 3543 1012 3599 poro,
1030 3528 1077 3584 sed
1090 3543 1171 3588 unam
1184 3530 1352 3596 eandemque
1365 3525 1474 3582 domum
1488 3538 1521 3578 cx
1535 3521 1640 3578 duabus
1652 3519 1731 3577 intel·

95 3619 316 3687 introducentur:
333 3620 377 3676 ubi
391 3620 515 3678 Christus
530 3631 582 3688 cst,
597 3625 644 3693 riui
659 3624 826 3694 signilicutm·
838 3641 887 3696 pos
938 3618 1082 3688 ligibilibus
1095 3618 1217 3673 materiis
1225 3626 1419 3674 constructam.
1431 3614 1529 3671 ileliae
1536 3613 1642 3672 dumo¹⁷
1657 3612 1732 3667 nide-

96 3709 193 3776 aitare,
208 3710 334 3780 omnium
356 3716 428 3769 sua¹
452 3713 589 3770 soliditate
612 3717 729 3771 sustinet
741 3718 842 3783 onmia,
858 3724 887 3773 et
938 3720 981 3766 tur
995 3710 1126 3766 linurinus
1139 3709 1247 3774 dixisse,
1261 3709 1289 3764 in
1305 3710 1383 3763 dumo
1400 3705 1491 3762 Putris
1512 3705 1563 3760 mei
1583 3703 1731 3760 ntnmioner

99 3815 153 3857 non
177 3800 261 3856 solum
286 3802 388 3870 altare,
410 3806 457 3860 sed
482 3806 659 3879 thymiamitis
684 3808 793 3877 altare}
820 3809 887 3865 odor
936 3802 1034 3858 multoc
1047 3811 1118 3858 ruint.
1135 3801 1164 3855 in
1178 3801 1257 3856 atriis
1275 3800 1371 3858 donaris
1393 3799 1473 3868 buius
1493 3808 1589 3852 omnes
1606 3795 1731 3852 homines

99 3895 229 3965 siqnidem
254 3895 347 3961 iliius,
372 3897 425 3953 boo
449 3907 490 3954 est
525 3899 583 3955 laus
610 3905 638 3954 et
664 3901 767 3971 gloria,
795 3902 887 3971 implet
937 3895 1090 3951 mansiones
1101 3893 1124 3926 ¹¹
1139 3892 1325 3962 possidebunt,
1340 3892 1403 3956 dunt
1421 3890 1446 3944 in
1464 3899 1560 3944 caunas
1582 3897 1645 3942 suas
1660 3884 1730 3940 redi·

101 3984 197 4041 omnia.
222 3984 280 4054 lpse
305 3994 347 4042 est
368 4002 452 4054 arca,
476 3990 502 4044 in
518 4003 570 4059 qun
594 4005 688 4046 onumen
707 3991 825 4047 thesauri
843 4010 887 4048 sa.
937 3987 988 4041 turi
1001 3978 1404 4049 sunt,siuebeneinoaruesim
1418 3975 1728 4034 nuclerincnutntutmr

103 4076 213 4147 pientiae
221 4085 249 4132 ct
259 4078 390 4134 scientiae
399 4085 460 4135 suut
470 4080 630 4137 abscondni.
642 4082 700 4152 ipse
709 4092 751 4138 est
761 4082 784 4115 ¹¹
797 4084 882 4154 uirga,
935 4070 1244 4144 enimpulobritudinero
1257 4069 1315 4140 ejus
1333 4074 1423 4138 potest
1440 4080 1627 4136 corrumpere,
1638 4081 1729 4136 uentre
1777 4050 1783 4068 '

101 4167 162 4238 quia
175 4166 196 4206 ¹¹
207 4167 275 4239 regit
297 4175 325 4222 et
347 4178 487 4225 mensurat
505 4171 612 4237 omnia,
635 4180 664 4226 et
681 4181 799 4238 mannn,'
821 4174 884 4242 qnia
935 4164 1104 4221 honestatem
1118 4161 1283 4232 turpificare,
1296 4174 1384 4230 neque
1394 4159 1597 4230 amplitudinem
1609 4160 1730 4222 minnere

101 4257 184 4327 ptsoit
203 4258 300 4313 omnia.
322 4257 380 4329 ipse
391 4259 618 4330 propitiatorium,
630 4262 692 4332 quia
717 4277 825 4334 semper
836 4278 886 4333 pro
935 4258 975 4310 rel
988 4265 1096 4325 ungere.
1109 4253 1191 4310 Extra
1206 4267 1287 4323 qurum
1299 4251 1363 4320 orriri
1376 4264 1437 4310 etse
1450 4259 1550 4320 nosset,
1564 4251 1635 4316 intra
1647 4266 1728 4319 nutant

103 4347 177 4403 nobis
207 4348 346 4405 intercedit
370 4350 403 4404 ad
425 4349 555 4417 Patrem,
580 4353 726 4408 ostendeus
751 4353 777 4407 ei
804 4357 885 4424 gene·
934 4350 999 4420 quid
1013 4363 1075 4404 esse
1086 4362 1139 4403 non
1150 4345 1262 4411 voleret,
1282 4345 1309 4402 iu
1319 4359 1372 4414 qua
1382 4343 1481 4402 nullius
1494 4343 1631 4413 turpitudo
1643 4344 1730 4411 turpis

105 4439 157 4495 rale
178 4440 357 4509 sacrilieium,
380 4450 406 4498 et
431 4443 523 4498 muudi
537 4445 671 4512 pretinm,
686 4443 884 4502 humanitatem
934 4451 986 4506 est,
997 4455 1048 4498 noc
1059 4438 1159 4494 malitia
1171 4444 1258 4500 nocet.
1270 4449 1409 4494 insertor
1419 4441 1506 4498 ellel,
1516 4431 1593 4500 cliiii
1611 4430 1728 4501 withli-

103 4531 219 4588 uidelioet
232 4547 319 4598 suam,
333 4547 414 4603 ortam
429 4533 594 4590 snerlllcavit
606 4543 635 4590 et
649 4536 760 4593 tradidit
772 4552 822 4608 pro
833 4547 884 4606 pu·
936 4535 1056 4591 tudinem
1072 4531 1271 4590 immundornm
1282 4526 1425 4597 spirituum
1436 4525 1568 4596 nequitia,
1579 4539 1627 4584 sou
1638 4525 1726 4580 honri·

104 4619 245 4677 ritlcatione
265 4630 294 4676 et
321 4622 504 4694 redemptione
528 4625 609 4679 totius
633 4627 739 4698 generis
763 4628 881 4692 humaui,
898 4640 1000 4703 prtum
1016 4622 1159 4692 impiorum
1177 4617 1375 4676 irrationabiles
1389 4625 1478 4678 motus
1491 4632 1545 4673 non
1564 4614 1650 4672 solnm
1673 4630 1726 4672 noo

104 4713 204 4768 nemine
216 4722 337 4783 excepto.
353 4711 421 4768 iioru
435 4717 660 4784 quemadmodum
680 4715 709 4772 in'
723 4719 794 4775 nullo
810 4720 884 4776 inue-
935 4716 1130 4778 contaminant,
1154 4723 1248 4770 verum
1275 4711 1358 4768 etiarn
1381 4706 1536 4779 adcusanti
1550 4705 1627 4762 Nulla
1652 4706 1725 4760 enim

104 4806 149 4868 nil,
161 4804 258 4874 eluntre
270 4814 390 4875 peccato,
403 4808 476 4877 cuod
491 4823 545 4863 non
559 4812 754 4880 acceperimus
770 4813 796 4866 in
810 4811 882 4872 nrdlo
934 4806 1106 4881 pulchritudo
1127 4803 1251 4864 ellicltnr,
1273 4801 1325 4860 uisi
1348 4815 1381 4858 er
1402 4797 1634 4869 compaginatione
1653 4795 1727 4852 sirni-

105 4896 214 4964 reliquit,
227 4897 297 4965 ‹pmd
311 4911 363 4951 rmn
377 4899 533 4963 redemerit,
554 4909 584 4954 et
600 4902 754 4958 redimendo
767 4904 882 4960 salvavit
933 4901 999 4955 lium
1010 4901 1046 4953 'et
1060 4894 1242 4957 dissimilium,
1259 4890 1458 4950 oorttrurlorum
1470 4896 1501 4956 et,
1518 4888 1703 4958 oppositorum
1715 4903 1723 4954 ;

105 4997 132 5044 ct
144 4989 323 5053 sartctillcnuit,
338 4990 464 5059 qnoniam
475 4991 532 5061 ipse
543 5000 586 5047 est
597 4995 744 5065 redemptio
758 5004 785 5050 et
796 4996 879 5063 salus,
933 5003 1021 5060 neque
1035 4992 1127 5046 leniit
1144 4984 1231 5040 'ludit
1245 4990 1316 5040 eliel
1330 4982 1440 5044 bontilli,
1459 4981 1481 5035 ii
1494 4994 1547 5036 ¹¹⁰ss
1566 4986 1724 5036 0856100111·

105 5081 226 5150 purgatio,
244 5089 271 5136 et
284 5080 454 5148 illuminatio,
476 5091 505 5137 et
529 5083 659 5153 perloctlo
677 5087 818 5142 universae
832 5089 881 5143 hu·
932 5080 1038 5152 paratio
1051 5094 1083 5134 er
1095 5073 1293 5147 vituperatione
1313 5072 1385 5134 mali.
1405 5071 1522 5141 ideoque
1539 5070 1611 5141 qtrod
1622 5070 1722 5128 maium
1742 5137 1745 5138 ⁷

107 5170 231 5225 ritanitatis
244 5171 270 5225 in
285 5171 410 5226 omnibus
426 5180 452 5228 ot
465 5172 587 5242 singulis,
598 5173 670 5228 circa
685 5191 765 5245 quem
777 5176 879 5234 chero·
932 5173 1040 5236 dicitur,
1055 5170 1117 5226 ditm
1131 5183 1180 5238 per
1194 5182 1224 5224 se
1240 5168 1443 5231 cortsidcratur,
1458 5166 1639 5235 vituperatur,
1659 5165 1722 5220 dum

105 5260 166 5325 binn
188 5257 290 5316 ordine's
312 5260 439 5316 videlicet
462 5262 618 5332 angelorum
641 5264 806 5332 discurrunt,
832 5282 880 5338 per
930 5282 997 5323 uero
1020 5280 1054 5319 ex
1079 5263 1137 5333 ejus
1163 5261 1364 5330 comparatione
1381 5260 1480 5318 butrium
1498 5257 1636 5318 landatur,
1666 5270 1720 5310 nou

106 5368 167 5423 quos
181 5353 289 5409 risibilia
300 5362 327 5410 et
339 5354 480 5410 invisibilia
494 5355 602 5410 ordinat
617 5363 699 5425 atqtte
712 5356 831 5430 disponit
843 5360 877 5413 ¹¹.
930 5357 1041 5413 omnino
1057 5351 1234 5422 vituperabile
1242 5351 1356 5407 videtur.
1368 5348 1445 5416 Quod
1457 5349 1528 5403 enim
1539 5347 1600 5401 boni
1614 5344 1718 5398 laudern

107 5445 137 5499 bt
149 5443 261 5503 lortassis
276 5446 338 5503 ideo
349 5446 404 5502 bini
417 5444 562 5502 Cherubim
578 5446 651 5501 circa
666 5461 768 5512 arcam,
790 5448 816 5502 id
836 5458 879 5505 est
930 5443 1058 5509 cumulet,
1070 5429 1445 5501 douomuino¹⁹taudeoaret
1460 5437 1585 5508 Nnnquid
1595 5436 1716 5492 onmium

157 5520 226 5555 χ’
733 5547 1082 5651 unnttuuuononus'.

140 5705 406 5764 *nomineromcn
452 5701 528 5762 'cit
553 5708 660 5765 neruiue
683 5709 792 5768 recluso.
845 5708 928 5782 'CR
947 5720 1033 5782 utque.
1080 5702 1218 5772 ¹introire
1241 5715 1295 5756 om.
1329 5696 1382 5753 Οἳ.
1435 5693 1594 5750 ¹hlicrlit.
1640 5688 1716 5749 ¹iro-

107 5777 286 5831 mirumnb.
324 5775 597 5849 'Gi'nnnsqniaoue
644 5778 821 5842 ‘inumb
858 5783 997 5838 insitos.
1045 5775 1068 5809 ¹¹
1086 5773 1131 5829 Sic
1143 5771 1260 5837 Αὓςοιι
1278 5784 1332 5824 orn.
1347 5767 1377 5821 p,
1430 5767 1449 5798 ¹¹
1469 5765 1514 5820 Sic
1526 5761 1624 5828 cm
1655 5777 1718 5824 nire.

110 5849 128 5880 ¹¹
145 5847 184 5901 Sic
196 5843 423 5908 GF3Aordinntu
440 5847 563 5915 disponit.
601 5845 877 5920 ¹¹Aesschriito.,
897 5850 920 5885 ¹¹
937 5848 1072 5905 boudin.
1113 5837 1562 5908 ¹⁸siccr;ttmmmmunnm.
1600 5833 1622 5868 ¹¹
1636 5779 1720 5891 Jeme·

112 5915 239 5978 salemum.
251 5916 283 5972 h.
298 5985 303 5995 Ι
321 5918 342 5955 ¹¹
354 5916 396 5973 Gi*
411 5917 507 5984 domm·
522 5918 560 5974 sic
574 5917 681 5994 ubique.
721 5918 743 5950 ¹¹
753 5921 870 5981 borsines
880 5922 1028 5984 mansiones
1038 5932 1094 5975 out.
1106 5912 1157 5971 GP·
1197 5909 1218 5944 ¹¹
1232 5910 1275 5968 Cli
1286 5909 1366 5966 amsi.
