4167 6625
387 551 439 607 tta
1073 539 1214 599 loturus
1231 541 1329 597 scell
1945 544 1984 598 tet

388 681 418 721 se
433 665 591 718 interiectae.
616 661 714 716 darum
733 668 821 714 tantcn
835 658 967 728 quaedam
992 658 1063 713 iuter
1076 674 1105 713 se
1120 658 1171 712 mi·
1186 662 1211 721 Α
1225 652 1409 726 intelligibilia,
1426 653 1482 708 suis
1503 651 1615 721 propriis
1631 648 1714 714 locis,
1732 648 1825 714 idest,
1846 653 1983 713 naturalius

387 759 463 815 rabili
490 757 605 827 quodam
628 754 709 818 coitu,
731 762 761 807 ut
786 753 824 807 ait
853 751 1008 820 Gregorius,
1033 751 1172 806 materiem
1225 745 1424 801 delinitionibus
1435 743 1566 798 contineri
1586 756 1649 795 nera
1670 740 1743 794 ratio
1757 740 1860 796 edocet.

387 848 517 906 risibilem
536 847 697 910 coercione
712 844 844 914 quaedam
865 857 929 897 uero
953 842 980 896 iu
1002 841 1074 896 trullo
1090 856 1171 911 appa·
1228 831 1235 838 ⁴
1257 836 1302 892 36.
1321 836 1391 891 bruc.
1403 834 1456 889 Nec
1470 835 1532 888 bule
1544 831 1714 888 conclusioni
1732 830 1839 896 resisto,
1862 831 1917 886 dum
1938 850 1981 890 nni

387 950 458 1006 rent,
482 954 640 1009 semperque
653 937 834 1007 incorporales
856 935 932 991 irunt.
958 934 1024 989 Nam
1041 937 1127 1000 οὐσία,
1146 940 1174 989 et
1222 944 1314 985 veram
1327 944 1387 984 esse
1399 926 1486 982 uideo.
1501 925 1552 981 Sed
1555 923 1648 1014 Q
1661 922 1759 987 miror,
1774 938 1823 976 cur
1843 922 1867 976 in
1888 939 1981 980 minnia-

386 1032 489 1097 rclatio,
505 1032 588 1096 loeus,
608 1038 723 1099 terimus,
737 1043 827 1099 agere,
847 1026 914 1097 pali,
933 1025 1007 1081 utillo
1018 1041 1098 1081 seusu
1112 1040 1174 1080 cer·

384 1137 467 1191 poreo
485 1122 663 1192 attinguntur.
682 1120 824 1186 Quantitas
840 1134 913 1183 vero,
929 1116 1115 1187 qualitasque,
1136 1115 1172 1170 si-

384 1220 445 1277 tus,
460 1221 488 1265 et
508 1211 625 1275 habitus,
641 1209 704 1263 dum
729 1210 797 1263 inter
814 1223 843 1262 se
867 1214 995 1262 coeurrtes
1016 1207 1169 1272 materiem,

384 1312 415 1356 ut
432 1302 615 1373 praediximus
639 1300 660 1364 ¹,
686 1297 819 1369 inungunt,
846 1314 976 1369 corporeo
1002 1312 1082 1353 sensu
1108 1312 1170 1367 per·

383 1392 436 1461 cipi
455 1391 554 1446 solent.
581 1390 609 1444 Si
627 1389 707 1458 igitur
727 1389 738 1419 ¹
758 1388 834 1444 loeus
852 1389 922 1444 inter
943 1404 985 1454 ea,
1011 1402 1080 1459 quae
1097 1387 1170 1442 nullo

383 1483 463 1537 niodo
475 1481 613 1550 corporeis
629 1463 756 1535 meis
778 1481 964 1544 succumbunt,
990 1493 1170 1535 corrnumera-

384 1582 442 1638 tur;
463 1587 578 1642 corpora
599 1587 673 1638 uero,
698 1572 721 1627 si
740 1571 864 1626 sensibus
878 1586 931 1625 nou
951 1569 1168 1640 percipiantur¹,

383 1679 495 1732 corpora
509 1679 561 1718 nou
577 1672 660 1717 sunt:
673 1678 761 1717 nonne
777 1663 864 1728 datur,
887 1662 957 1731 quod
971 1660 1046 1717 locus
1066 1677 1118 1715 non
1134 1661 1170 1714 sit

382 1753 499 1821 eorpus?
511 1751 628 1822 Corpora
645 1768 716 1807 num
726 1751 737 1784 ¹
749 1752 817 1813 dico,
832 1766 901 1820 quae
912 1766 946 1805 ex
958 1751 1030 1805 coitu
1042 1755 1170 1819 quattuor

383 1844 475 1898 muudi
502 1843 694 1899 elerrreutorum
723 1845 911 1900 cottdeiuntur.
940 1843 1010 1897 Num
1043 1851 1169 1914 quattuor

381 1934 473 1988 tuundi
488 1934 630 2001 elementa,
646 1934 708 1990 ilium
733 1951 847 2006 corpora
866 1936 920 1989 sint
940 1950 989 2005 per
1003 1949 1032 1990 se
1048 1935 1104 2004 ipsa
1115 1934 1169 1988 dis·

1222 1036 1283 1076 nem
1296 1036 1371 1075 usum
1393 1019 1526 1074 bemauae
1537 1017 1609 1071 ritae
1626 1013 1768 1086 pervenit,
1795 1021 1825 1068 ut
1846 1016 1923 1069 omnia
1934 1019 1981 1074 baec

1221 1127 1345 1182 corpora,
1357 1110 1558 1174 siueeaelestia,
1574 1109 1631 1164 site
1643 1105 1735 1171 aeria,
1747 1104 1806 1162 sire
1816 1107 1979 1175 aquationum

1222 1211 1338 1267 terrena,
1353 1200 1485 1256 minorum
1511 1200 1581 1254 intra
1607 1212 1638 1253 sc
1664 1210 1817 1267 corporum
1831 1194 1978 1252 locaessedi·

1222 1309 1284 1348 cere
1295 1301 1453 1348 consuescat
1464 1308 1471 1358 ;
1485 1289 1718 1361 quemadmodum
1733 1286 1771 1341 nil
1783 1284 1852 1339 aliud
1864 1302 1913 1341 esse
1921 1291 1979 1343 auti·

1222 1391 1277 1436 urat
1291 1383 1381 1438 οὐσίαν
1391 1389 1498 1451 praeter
1519 1380 1570 1433 lioc
1581 1393 1686 1448 corpus
1699 1374 1810 1432 risibile
1829 1383 1900 1445 atque
1917 1378 1979 1446 tangi·

1220 1471 1282 1527 bile.
1300 1472 1414 1540 ideoque
1433 1469 1531 1525 obtrixc
1551 1467 1652 1538 flagito,
1672 1482 1708 1522 ne
1734 1465 1772 1521 sit
1796 1464 1841 1520 tibi
1865 1480 1975 1529 monson,

1221 1560 1320 1615 diutius
1332 1562 1365 1615 de
1382 1559 1432 1614 bac
1447 1558 1580 1629 praesenti
1595 1554 1760 1612 difficultate
1780 1554 1911 1624 disputare.
1924 1554 1975 1610 dre.

1220 1651 1289 1718 Quid
1301 1651 1382 1721 igitur
1396 1650 1435 1722 ”fl
1450 1648 1727 1739 Qjarrtdudum
1742 1648 1814 1702 inter
1833 1662 1877 1702 nos
1887 1655 1920 1703 est
1931 1662 1975 1703 eon

1220 1737 1330 1804 lectum,
1347 1738 1448 1803 omnia,
1462 1752 1531 1807 quae
1556 1736 1598 1791 vel
1625 1750 1713 1791 seusu
1741 1750 1881 1804 corporeo,
1901 1735 1932 1790 rel
1946 1752 1975 1789 n·

1222 1832 1303 1897 tione,
1312 1831 1351 1887 tel
1363 1829 1497 1886 intellectu
1512 1838 1728 1900 cogrroseuntur,
1737 1828 1830 1884 debeo
1839 1829 1975 1883 meritonen-

1222 1931 1279 1976 torc
1300 1921 1420 1976 omnium
1437 1920 1459 1951 ¹¹
1471 1936 1550 1990 posse
1569 1920 1740 1989 praedicari,
1757 1920 1820 1973 dum
1831 1919 1972 1982 nilrileomn,

381 2036 466 2091 creta,
483 2026 608 2082 ineffabili
626 2044 673 2082 sua
700 2028 817 2082 naturali
836 2027 981 2083 subtilitate
996 2036 1076 2099 atque
1096 2019 1206 2096 puri-B
1221 2012 1337 2081 ⁴1¹laede
1353 2027 1382 2066 ⁸¹³
1395 2011 1577 2082 predicantur,
1593 2026 1666 2081 ΡΜ
1690 2010 1814 2064 wilini
1827 2008 1973 2079 0⁰¹¹¹¹³¹¹¹ll²¹¹⁰

382 2124 437 2172 tate
458 2133 564 2172 ominem
578 2134 685 2172 sensum
708 2117 848 2172 mortalem
868 2128 1005 2188 superant.
1027 2116 1106 2171 aliud
1127 2125 1170 2172 est

381 2210 492 2280 igitrnss
505 2211 589 2276 locus,
604 2219 631 2264 et
652 2209 724 2265 aliud
744 2226 852 2279 corpus.
876 2211 917 2265 dn
933 2209 980 2265 tibi
1006 2208 1084 2265 aliter
1098 2207 1169 2262 vide

382 2302 442 2354 tur?
457 2301 527 2356 Drse.
544 2301 621 2355 Nullo
637 2302 726 2355 modo.
741 2301 776 2355 Et
790 2301 857 2354 liaeo
872 2307 1006 2368 postrema
1028 2297 1168 2352 ratiocina-

381 2391 462 2447 tionis
476 2377 734 2448 nosteaffli‘elu‘ste
747 2406 916 2461 nequaquam
930 2390 994 2444 sinit
1008 2389 1166 2453 concedere,

379 2481 468 2539 locum
480 2493 507 2538 et
520 2498 618 2553 corpus
631 2484 712 2537 unius
725 2484 832 2552 generis
845 2496 914 2536 csse.
932 2479 984 2535 Sed
999 2481 1070 2550 quod
1085 2479 1167 2534 inter-

292 2629 295 2634 ,
381 2575 498 2647 positum
512 2591 527 2629 a
543 2585 569 2630 te
579 2575 666 2638 uideo.
679 2575 802 2650 edulium
813 2589 872 2630 esse
885 2573 1023 2628 nanteriem
1034 2571 1167 2626 visibilem

380 2661 482 2719 iortuae
504 2664 655 2733 adjamclam
669 2649 844 2733 -quiequid
869 2663 939 2717 cuim
964 2670 1094 2731 apparet,
1119 2676 1168 2730 per

381 2752 495 2809 lbrntam
509 2762 663 2825 apparet-
674 2754 725 2809 nisi
741 2753 918 2808 accidentium
929 2754 1096 2822 quoriunlam
1104 2767 1167 2807 cen·

379 2863 499 2913 cursum,
511 2863 563 2902 nou
578 2863 690 2916 parvum
715 2845 726 2877 ¹
743 2862 786 2901 tue
801 2854 889 2901 nrovet
915 2845 984 2901 binc.
998 2845 1056 2899 Nou
1071 2853 1097 2899 te
1111 2859 1166 2898 mo·

378 2947 449 2991 ucat.
473 2937 552 3003 Nam,
565 2945 595 2991 ut
615 2938 679 3000 diti,
694 2953 807 3009 maguus
818 2936 965 3006 Gregorius
982 2935 1116 3007 Nyssaens
1138 2937 1165 2990 in

381 3026 510 3082 Sermone
525 3029 558 3083 de
573 3027 688 3098 imagine
702 3027 783 3083 certis
798 3028 947 3083 cautionibus
969 3027 1003 3081 ita
1019 3043 1079 3082 esse
1100 3041 1164 3080 sua·

379 3116 435 3180 det,
449 3116 486 3170 nil
501 3116 573 3171 eliud
588 3117 680 3171 dicens
697 3118 833 3170 materiem
848 3133 913 3180 esse,
930 3117 979 3171 iiiii
992 3115 1166 3170 accidentium

380 3205 512 3272 quendem
538 3205 759 3273 competitionem,
775 3220 806 3257 eu
822 3204 993 3258 invisibilibus
1014 3206 1102 3258 causis
1130 3203 1165 3256 iul

382 3294 505 3347 risibilem
520 3294 655 3348 materiem
678 3297 867 3363 precedentem.
887 3294 942 3349 Nec
966 3294 1110 3348 immerito.
1136 3292 1164 3347 Si

1221 2118 1282 2157 eum
1297 2106 1427 2174 approbat
1447 2104 1469 2137 ¹¹
1485 2118 1555 2159 esse.
1571 2104 1647 2159 bne.
1662 2103 1694 2159 ld
1715 2103 1804 2173 ipsum
1826 2103 1971 2158 inconcussae

1220 2211 1292 2262 esse,
1304 2198 1416 2269 luceque
1431 2198 1529 2254 clarius
1542 2198 1611 2252 ratio
1627 2199 1736 2254 edocet.

1254 2291 1298 2345 57.
1318 2290 1557 2382 lichge—de
1581 2291 1640 2347 Deo
1660 2291 1765 2354 omitia,
1780 2304 1846 2358 quac
1858 2297 1917 2353 sunt,
1935 2299 1970 2341 nou

1218 2383 1325 2454 quidem
1337 2384 1455 2454 proprie,
1466 2384 1513 2440 sed
1525 2384 1604 2438 tuedo
1613 2384 1737 2453 quodam
1748 2383 1971 2452 translatoresque

1219 2475 1291 2528 niam
1304 2474 1337 2528 ab
1347 2475 1484 2542 ipsosunt,
1498 2475 1548 2529 rite
1559 2476 1758 2543 praedicantur
1773 2493 1780 2529 :
1793 2475 1851 2544 quid
1863 2472 1969 2534 ricimeri

1219 2569 1313 2616 cuncta
1323 2602 1330 2627 ,
1342 2578 1411 2632 quae
1421 2563 1516 2619 inloco
1526 2573 1598 2630 sunt,
1612 2565 1680 2619 (lum
1695 2550 1969 2633 majoribui'seiudiquc

1218 2653 1359 2707 rideantur
1367 2655 1543 2709 circumfundi
1553 2696 1561 2722 ,
1570 2656 1631 2711 loca
1640 2655 1663 2687 ¹¹
1672 2656 1914 2727 possintnornimri,
1926 2668 1968 2707 curn

1217 2743 1969 2815 nullumillornmproprielocussit,sedloeosuacpropriae

1219 2832 1968 2909 ¹⁷naturnecontiuetur¹⁸,eumquerideamuspcrnetony·

1217 2925 1345 2990 miam,id
1359 2936 1400 2981 cst
1415 2928 1765 2996 transnominationem,ab
1779 2930 1885 2997 hisquae
1896 2923 1965 2980 coriti-

1217 3023 1291 3080 uem,
1308 3016 1498 3084 retinuerim,
1512 3034 1581 3087 quae
1592 3021 1784 3086 eontinentur,
1802 3036 1848 3077 non
1858 3027 1928 3072 nmen
1940 3014 1965 3067 ita

1216 3105 1388 3164 mritiucntur
1398 3109 1431 3164 ab
1443 3111 1493 3177 eis,
1503 3114 1596 3168 utsine
1606 3114 1731 3170 eisintra
1739 3113 1863 3170 naturales
1871 3125 1921 3167 suos
1929 3117 1966 3161 ter-

1216 3200 1303 3253 miuos
1323 3201 1468 3257 subsistere
1483 3219 1534 3260 nou
1549 3207 1669 3276 possint.
1698 3207 1767 3264 Usus
1784 3204 1897 3277 siquidem
1914 3215 1964 3253 nor·

1218 3289 1308 3345 lulituu
1323 3292 1441 3360 clotuum,
1456 3310 1579 3363 uxorem,
1606 3315 1657 3355 seu
1687 3272 1965 3362 tanitffii‘sditappd·

382 3388 454 3439 euim
468 3384 616 3453 corporalis
641 3383 719 3439 liuius
733 3384 861 3438 nrateriae
875 3360 1071 3452 semisque*
1088 3360 1201 3453 quaeC
1216 3378 1283 3445 lare,
1297 3397 1358 3437 cum
1376 3386 1442 3441 baec
1456 3387 1617 3443 naturaliter
1633 3392 1745 3446 distent.
1759 3390 1813 3445 Nou
1823 3389 1884 3444 enim
1896 3386 1964 3439 itone

383 3475 444 3527 dam
468 3472 579 3540 simplex
602 3479 682 3540 atquc
704 3473 878 3528 immutabilis
904 3476 1019 3529 essentia
1047 3485 1075 3530 et
1094 3474 1166 3530 trullo
1216 3484 1335 3542 praestat
1350 3477 1427 3532 uxori
1442 3493 1488 3533 seu
1503 3479 1625 3537 familiae
1649 3472 1964 3540 substantationem

384 3563 464 3618 teredo
489 3561 609 3616 solubilis
633 3561 740 3626 inesset,
766 3562 837 3617 mdia
859 3563 961 3618 ratione
981 3564 1107 3633 nullaque
1121 3581 1167 3621 ac·
1217 3573 1329 3620 naturae
1349 3569 1431 3623 locus.
1456 3570 1588 3637 Quoniam
1602 3588 1673 3630 vero
1693 3575 1719 3630 in
1732 3564 1963 3644 capessiturum

384 3648 899 3720 tionepenitussolveretur.lamvere
919 3651 1166 3725 soluitur.llil.lgi-
1216 3666 1247 3708 ea
1260 3655 1427 3713 denominari
1442 3661 1537 3716 solent.
1575 3664 1580 3674 “
1612 3665 1743 3737 iliterque
1759 3680 1796 3732 ea,
1822 3678 1885 3733 quae
1903 3656 1964 3715 conti·

384 3742 467 3797 turci
488 3740 628 3797 insolubile
652 3742 753 3796 subest.
778 3740 844 3798 Nam
858 3758 955 3813 gettera
972 3753 998 3800 el
1022 3745 1125 3815 speeies
1139 3754 1168 3800 et
1216 3755 1291 3813 nent,
1308 3750 1341 3804 ab
1361 3750 1414 3816 bis,
1429 3765 1499 3820 quae
1510 3756 1699 3812 continentur.
1715 3752 1963 3824 reintegratum

383 3844 472 3888 atonta
485 3842 625 3903 propterea
642 3846 748 3901 semper
773 3842 835 3887 sant
860 3849 892 3888 ac
912 3843 1079 3903 permanent,
1101 3834 1165 3904 quia
1216 3838 1336 3893 continet
1357 3840 1460 3907 lucem;
1477 3843 1589 3914 ideoque
1604 3822 1867 3904 ἰΙΙιιιηίιῖἰῖιιῖἷῖἕῖτι
1879 3841 1915 3894 lm
1931 3835 1963 3890 di·

380 3924 451 3979 inest
475 3924 515 3978 eis
541 3925 648 3994 aliquod
672 3924 778 3978 ¹ttrtutu
800 3923 975 3991 individuum,
1002 3926 1073 3994 quod
1098 3925 1165 3981 solvi
1217 3931 1296 3986 citur.
1316 3930 1417 3988 Oculus
1430 3933 1503 3992 risus
1523 3948 1652 4009 vocatur,
1672 3957 1719 3997 seu
1741 3939 1813 4005 visio,
1831 3937 1881 3992 dan
1895 3940 1962 3998 uili¹

381 4014 485 4080 nequit,
502 4028 589 4082 neque
612 4012 724 4067 destrui.
741 4011 799 4082 lpsa
817 4029 923 4082 quoque
936 4015 1086 4070 accidentia
1104 4030 1166 4084 pro-
1216 4019 1301 4087 visus,
1325 4037 1412 4091 neque
1428 4023 1496 4080 visio
1514 4025 1551 4080 sit
1567 4028 1648 4097 juxta
1670 4039 1781 4086 naturae
1800 4024 1959 4097 proprietatem·

380 4112 473 4173 pterea
486 4103 512 4157 in
528 4118 575 4158 sua
587 4111 682 4157 natura
698 4103 899 4159 iruuiutabiliter
922 4105 1165 4175 permaneatque
1217 4110 1282 4177 Quis
1296 4112 1367 4166 enim
1382 4114 1493 4181 nesciat,
1509 4118 1616 4173 oculum
1640 4131 1745 4192 partem
1761 4118 1878 4191 quandam
1889 4123 1960 4178 perpe

380 4192 504 4246 orrinibus
529 4194 569 4248 eis
592 4208 675 4247 unnim
697 4194 830 4261 quoddam
854 4194 1045 4250 ¹individuum
1063 4196 1165 4264 subest,
1216 4205 1300 4262 ratem
1315 4207 1420 4275 cepitis,
1436 4207 1631 4281 humidamque
1642 4229 1713 4281 (Μ,
1725 4229 1773 4286 per
1789 4226 1861 4282 quem
1876 4197 1959 4259 vnu¹¹

380 4281 407 4335 in
423 4298 476 4352 quo
489 4283 647 4338 naturaliter
659 4285 749 4339 outnia
765 4300 848 4340 arnum
860 4285 1019 4342 subsistunt.
1215 4297 1352 4353 radiorum
1373 4299 1459 4356 instar
1478 4316 1513 4357 ex
1534 4306 1660 4372 menica,
1685 4308 1737 4363 boc
1756 4313 1796 4360 est
1813 4290 1958 4357 maturuit

414 4374 459 4429 55.
478 4374 552 4432 [lise.
576 4374 616 4429 Nil
640 4376 738 4445 verius,
762 4388 792 4432 ut
805 4378 935 4446 arbitror;
963 4390 1043 4450 atque
1070 4382 1130 4438 ideo
1144 4381 1165 4415 ¹¹
1216 4388 1333 4454 cerebri,
1347 4388 1421 4445 iuras
1442 4390 1584 4449 funditur?
1598 4395 1705 4453 Menica
1720 4410 1781 4452 cero
1795 4390 1956 4448 laniarentu-

379 4476 547 4535 praesentcm
558 4467 757 4537 inquisitionem
769 4470 923 4539 concludas,
941 4456 1164 4544 speffiae.
1216 4491 1325 4533 ramex
1345 4482 1434 4545 corde,
1458 4482 1528 4550 ignis
1547 4486 1762 4568 memmae,
1782 4483 1863 4551 recipit
1879 4477 1906 4528 ¹⁸·
1922 4470 1958 4525 Ν

379 4556 448 4622 Quid
465 4567 559 4624 restat,
574 4560 624 4613 nisi
639 4568 668 4614 ut
685 4560 814 4624 dicamus,
832 4564 1025 4649 Qfflffi’
1046 4566 1108 4622 dum
1123 4568 1159 4622 vi·
1216 4567 1288 4622 enim
1301 4569 1376 4626 risus
1390 4572 1520 4629 naturalis
1540 4575 1652 4635 luminis
1671 4580 1699 4635 in
1714 4593 1789 4635 sensu
1807 4566 1893 4628 ridendi
1907 4575 1957 4633 9⁰¹·

380 4648 473 4699 elenrus
487 4663 601 4717 corpora
625 4657 718 4703 nostra
735 4650 761 4704 in
784 4650 835 4707 bac
850 4662 921 4707 terra
940 4640 1095 4723 co‘u's'tituta,
1123 4658 1165 4713 tel
1217 4662 1329 4718 sidentis
1355 4664 1481 4720 radiatim
1509 4666 1582 4724 ioras
1612 4671 1754 4741 prosiliens
1777 4660 1879 4723 emissio.
1900 4663 1956 4722 (lilii

380 4733 507 4830 leue-aere
521 4735 695 4801 circumfusa,
718 4737 904 4817 bdellbqblsl
926 4757 1039 4813 corpora
1055 4745 1082 4799 in
1105 4728 1278 4806 cor-Deum
1311 4752 1445 4810 coloribus
1463 4755 1611 4827 lormisque
1642 4760 1800 4817 exteriorum
1822 4742 1953 4807 seudbililffl

380 4821 489 4887 poribus
510 4823 587 4876 essel
610 4823 709 4879 Eadem
738 4830 840 4883 ratione
863 4832 952 4901 pisces
974 4833 1001 4888 iu
1026 4834 1161 4905 ductibus,
1217 4859 1358 4915 corporum
1378 4848 1612 4919 circumfunditur,
1635 4852 1751 4908 mirabili
1772 4843 1885 4905 celeritate
1902 4830 1953 4902 li⁵¹¹

379 4909 545 4979 planescere
567 4914 685 4979 uertere,
709 4925 781 4970 esua
805 4918 833 4972 in
856 4918 1035 4989 remanente,
1051 4940 1163 4996 corpora
1217 4941 1344 4995 eotenus
1364 4941 1512 4998 visibilibus
1526 4943 1622 5000 teraris
1645 4944 1826 5001 eoiitoneanr.
1844 4922 1951 4988 minin

380 5000 407 5102 in
422 5002 579 5072 corporibus
596 5011 672 5068 suut,
686 5006 789 5061 minora
815 5009 842 5062 in
870 5012 1018 5081 majoribus
1032 5017 1065 5084 ¹¹,
1090 5033 1163 5075 cras·
1215 5032 1284 5086 visio
1308 5030 1454 5089 toriniacum
1477 5034 1650 5107 censumque
1668 5027 1871 5107 corporationem
1889 5013 1950 5075 ltili

379 5107 452 5196 siora
474 5095 504 5196 in
519 5094 711 5160 subtilioribus,
730 5099 798 5155 levia
815 5102 840 5155 in
864 5104 1020 5174 levioribus,
1044 5124 1111 5179 para
1135 5114 1162 5169 in
1216 5118 1354 5177 oculorum
1372 5125 1504 5191 quaedam
1523 5126 1611 5198 imago
1635 5127 1803 5189 confermata,
1822 5084 1882 5189 quae'
1894 5103 1948 5164 nella

378 5186 541 5252 purroubus.
555 5185 629 5244 llaec
640 5189 711 5245 euim
725 5193 814 5247 omnia
829 5195 977 5266 sensibilia,
989 5201 1060 5257 sicut
1081 5204 1162 5261 etiam
1216 5226 1293 5271 mora
1306 5212 1466 5273 interstante
1477 5232 1557 5274 setim
1575 5220 1711 5291 recipitur,
1724 5210 1946 5277 trenortium

1013 5364 1140 5424 tanne
1158 5369 1360 5432 merlonus.

587 5577 656 5662 i
791 5563 872 5630 cn
1053 5501 1063 5532 ³
1077 5501 1661 5650 ieteratteritur-itiitere
1675 5508 1827 5650 tritri:
1842 5488 1942 5622 tall

413 5488 479 5543 ¹Sic
493 5488 573 5553 CDE:
593 5489 615 5544 d
638 5492 709 5562 ptius
729 5493 854 5549 diximus.
892 5496 1012 5568 ’deren

378 5625 575 5747 ffsdeliquirl.
635 5631 680 5687 Sic
701 5632 781 5698 CDE;
804 5635 824 5686 Λ
851 5636 987 5718 quiddam.
1025 5641 1136 5723 ''dut
1177 5644 1196 5675 ¹¹
1216 5646 1261 5700 Sic
1286 5647 1405 5714 cotun
1428 5666 1556 5724 exspecto,
1595 5653 1798 5710 eufimiani-ibus.
1833 5639 1939 5698 ”demo

443 5713 465 5748 rc
484 5698 564 5766 CDE;
587 5699 609 5755 d
631 5704 662 5757 de
681 5702 735 5758 Deo
758 5713 874 5758 creatore
900 5722 1014 5761 omirrnm
1043 5724 1143 5765 irretito.
1191 5714 1214 5746 ¹¹
1233 5715 1278 5769 Sic
1292 5717 1373 5786 CDE;
1402 5722 1575 5793 iamimpep
1630 5728 1652 5760 ie
1681 5726 1724 5780 spe
1741 5719 1814 5783 (3033
1836 5711 1853 5763 d
1879 5705 1941 5777 lenm

378 5760 563 5887 picum&
598 5771 620 5823 Α
647 5776 749 5842 proprie
775 5791 847 5829 sitne.
907 5776 1139 5858 ¹¹:²130Cssssifl
1166 5786 1338 5841 continemur·
1388 5792 1407 5823 n
1428 5791 1472 5847 Sic
1491 5794 1571 5851 (Μ,
1601 5800 1622 5853 A
1654 5794 1803 5867 pommus
1850 5768 1943 5826 nispe

407 5873 440 5897 »n
494 5836 566 5892 ltlffe.
605 5842 815 5898 ‘'derernl).
854 5847 1103 5918 ”dimetiens
1141 5853 1324 5924 ¹³Di·cccpit.
1564 5839 1571 5863 '
