4167 6625
119 457 178 514 aut
415 458 660 519 uxldsrltouus
678 459 790 518 suesti
806 453 1018 516 teutuclttllt
1035 449 1240 510 canresmlt
1259 450 1288 507 S.
1309 450 1466 508 utoutslt.
1691 454 1747 512 262

119 583 173 630 est
185 572 333 644 superiore,
345 575 463 628 mentia
475 573 636 630 uniformem
648 572 850 645 intelligentiam
864 585 911 627 ve·
925 574 949 636 A
961 576 1074 639 pectora
1084 566 1198 622 innuere
1216 565 1372 621 indomitam
1390 564 1541 620 custodiam
1556 562 1677 626 uirilem
1694 567 1749 624 uis·

117 662 179 718 luti
200 661 325 717 dentibus
345 662 516 719 discretionis
537 664 694 720 comminuit
711 673 739 720 et
755 662 915 735 multiplicat
963 657 1130 723 tributionis,
1145 671 1216 729 quae
1231 672 1247 711 a
1264 657 1403 727 supposito
1414 657 1497 712 corde
1509 658 1639 728 originem
1662 660 1750 717 dulcit.v

120 768 178 826 per
200 750 340 821 procidam
355 751 481 808 uirtutem
499 752 576 824 juxta
596 753 741 808 domnicem
762 751 913 823 analogiam
963 747 1018 804 (lor
1030 748 1163 817 siquidem
1176 745 1308 815 corporali
1322 745 1376 800 situ
1389 745 1438 800 crib
1453 756 1573 816 pectore,
1589 747 1629 803 sio
1643 747 1749 810 'uelud

120 841 265 897 interioris
275 841 421 899 essentiae.
433 841 912 915 [lectricemprocducatricemdisll.
963 838 1014 893 sub
1028 837 1177 893 munimine
1197 845 1256 891 tuto
1279 836 1410 907 urnaque
1425 837 1547 893 custodia
1566 838 1656 896 vitetis
1670 839 1750 900 ”suti

120 933 223 988 Divina
234 931 371 1002 siquidem
387 933 529 1004 mysteria,
543 934 595 989 uisi
608 933 833 990 intellectualibus
847 933 913 988 den·
964 937 1065 994 motus,
1078 942 1132 999 quo
1146 935 1232 982 totum
1247 933 1319 982 motu
1331 942 1429 999 corpus
1441 926 1574 994 uiriucat,
1591 929 1751 988 natumlitar

122 1021 200 1077 tibus
217 1021 292 1093 priua
303 1024 542 1079 'communicantur
554 1039 570 1079 a
580 1024 723 1092 magistris,
736 1040 789 1079 non
801 1032 915 1094 possunt
964 1020 1139 1075 constitutum
1149 1025 1201 1073 ast.
1213 1015 1266 1072 Ubi
1276 1016 1374 1072 durum
1385 1017 1539 1086 posuimus,
1554 1018 1591 1074 toi
1604 1013 1750 1076 imG‘raeoc

120 1114 258 1186 prodesse
270 1113 407 1183 discipulis
420 1115 441 1181 ¹,
463 1131 515 1172 nec
529 1116 609 1172 vitale
622 1119 815 1172 incrementum
833 1129 913 1186 prae·
963 1110 1114 1184 idipsum
1128 1108 1161 1174 ¹¹,
1183 1108 1255 1178 quod
1272 1115 1300 1162 et
1320 1107 1416 1164 durum
1436 1105 1571 1179 sigoidcat
1587 1115 1616 1164 et
1631 1106 1749 1167 indomi-

120 1211 213 1258 stare.
224 1201 341 1259 Granum
353 1219 469 1274 namque
481 1204 591 1275 sinapis,
605 1206 657 1261 nisi
668 1215 810 1262 contusum
822 1205 913 1271 luerit,
960 1211 1031 1258 tuna.

121 1291 187 1350 vin
202 1306 279 1347 suam
290 1306 420 1347 exercere
431 1291 527 1347 nescit.
999 1290 1085 1345 Dnrse
1095 1305 1154 1343 uere
1165 1289 1316 1345 continuent
1333 1287 1413 1343 mmai
1431 1289 1752 1361 amarmurmultus

161 1377 296 1436 umen
310 1388 433 1433 sesemet
448 1379 564 1446 lroclriu,
578 1380 709 1436 etiterum
724 1387 829 1447 monus,
840 1380 915 1452 {octi-
964 1381 1099 1435 uirtutem.
1117 1378 1203 1434 Darsa
1224 1377 1342 1434 hominis
1353 1377 1507 1449 significant
1520 1378 1751 1437 mudnuatiuueot

119 1469 250 1536 nostwet
261 1469 431 1540 emiliam,
443 1477 466 1524 et
477 1470 601 1537 osricum,
612 1470 764 1540 siguificare
774 1470 913 1526 dieunt.ln
964 1468 1093 1524 lertilium
1108 1468 1250 1523 virtutum.
1263 1466 1300 1523 llt
1317 1467 1389 1524 enim
1414 1481 1476 1523 ossa
1499 1467 1604 1539 spinae,
1616 1468 1668 1525 sibi
1683 1470 1753 1528 invi·

119 1557 168 1615 lais
184 1560 259 1616 enim
274 1559 361 1614 trilms
374 1559 623 1636 membrislrumani
643 1562 764 1631 corporis
784 1560 914 1617 lortitudo
964 1573 1023 1615 oum
1042 1559 1234 1624 coaonaerent,
1255 1568 1284 1616 et
1303 1574 1354 1630 per
1374 1559 1480 1616 illorum
1505 1560 1639 1618 medullas
1662 1562 1754 1619 ritulis

118 1646 263 1704 consistit
281 1648 417 1706 Factirum
432 1649 466 1704 ad
484 1664 581 1708 munus
598 1650 733 1717 retertur:
753 1650 828 1720 ipsae
841 1649 915 1706 onitu
965 1659 1054 1707 motus
1067 1651 1095 1706 in
1110 1659 1195 1707 totum
1217 1666 1317 1723 corpus
1338 1651 1503 1719 diffunditur,
1522 1659 1551 1709 et
1570 1653 1689 1709 maxime
1707 1653 1754 1723 qui

120 1731 244 1805 faciurum
266 1737 433 1808 operativum
455 1740 490 1794 ad
512 1740 638 1803 ltracluia,
653 1742 679 1796 in
693 1741 791 1812 quibus
805 1748 860 1797 tota
873 1739 915 1797 ris
964 1746 1008 1794 est
1026 1739 1054 1794 in
1069 1747 1191 1795 tactum:
1207 1741 1244 1796 ita
1262 1740 1418 1811 spirituales
1436 1740 1552 1798 virtutes
1567 1740 1619 1798 siut
1637 1740 1753 1797 inuicem

118 1827 294 1897 operationis
308 1827 416 1894 osistit;
433 1828 550 1884 activum
564 1830 598 1886 nd
609 1831 758 1898 humeros,
777 1830 914 1901 inquibus
964 1831 1117 1886 adunantur
1125 1829 1354 1901 inseparauititer,
1367 1842 1407 1897 ut,
1422 1832 1469 1889 ubi
1483 1831 1506 1865 ⁸⁸
1521 1847 1587 1898 una,
1599 1832 1637 1888 iti
1646 1847 1752 1890 omnes.
1816 1832 1822 1848 '

119 1914 210 1970 celaui
231 1915 348 1988 quodam
372 1916 479 1972 cardine
494 1918 608 1975 actionis
622 1928 710 1974 motus
732 1918 818 1988 primo
831 1918 913 1975 rolri-
927 1912 1006 1977 Bal)
1015 1935 1067 1975 unu
1082 1920 1192 1990 quippe,
1207 1922 1322 1976 caritate
1334 1921 1468 1985 uidelicet,
1483 1935 1578 1982 omues
1591 1924 1754 1991 procedunt,

120 2015 183 2070 ter,
206 2003 304 2060 deinde
323 2019 372 2076 per
394 2004 506 2062 brachia
532 2006 559 2061 lo
582 2022 678 2064 manare
695 2008 858 2065 exorditur.
877 2004 921 2063 Ut·
965 2016 994 2064 et
1015 2009 1212 2064 concatenatim
1228 2009 1350 2079 singulae
1372 2008 1484 2081 singulis
1501 2010 1654 2080 dependent
1672 2012 1706 2075 ¹⁸,
1726 2021 1755 2068 et

119 2102 217 2148 autem
239 2094 267 2149 io
291 2094 381 2149 anima
404 2094 558 2150 rationabili
578 2096 682 2164 primus
701 2104 793 2152 motus
814 2094 915 2166 riusin
965 2098 1135 2156 fertilitatem
1147 2098 1277 2169 angelicis
1287 2108 1315 2154 et
1328 2100 1453 2155 lurmaois
1462 2099 1589 2155 inierunt.
1600 2098 1653 2156 tili
1664 2102 1756 2171 posui·

119 2184 332 2249 auimoest,rel
363 2186 370 2200 ¹
401 2185 542 2242 uibusdam
556 2187 754 2252 colummeria,
768 2187 915 2257 quimotus
966 2202 1027 2243 rnus
1043 2185 1183 2250 lertilium,
1198 2186 1275 2241 iliiio
1290 2185 1756 2259 Graemteottooquodpropne

120 2277 199 2333 actia
219 2275 330 2342 dicitur,
343 2276 442 2333 deinde
480 2278 630 2335 ascendens
650 2293 700 2348 per
720 2277 917 2350 progressiores
966 2275 1289 2347 lertilitutemaigniticot.
1403 2307 1405 2312 ·

119 2382 255 2424 umeros
273 2367 285 2399 ⁸
301 2366 383 2423 ueluti
400 2381 450 2437 per
469 2367 600 2437 qrraedam
623 2367 732 2424 brachia
755 2367 783 2422 is
805 2366 919 2423 artileis
1001 2364 1086 2420 Pedes
1096 2374 1203 2431 eutem,
1218 2363 1331 2420 sulraudi
1350 2362 1514 2434 significant,
1531 2364 1626 2420 mobile
1640 2373 1666 2419 et
1681 2361 1755 2420 celos

121 2440 545 2528 momauonem'wpeii‘o'iite
569 2470 665 2512 nomen
685 2456 793 2527 accipit,
807 2456 872 2512 dum
888 2456 917 2513 in
966 2463 990 2512 ιι
1003 2453 1097 2510 cursile
1107 2454 1136 2508 iu
1146 2453 1168 2484 ¹⁸
1181 2453 1269 2508 dimne
1281 2469 1382 2525 semper
1391 2454 1476 2508 euntis
1489 2452 1622 2517 motionis,
1638 2452 1690 2509 lrec
1700 2459 1762 2519 est,⁴

121 2545 254 2603 effectum
285 2548 351 2603 moti
373 2548 496 2617 eorporis
517 2547 654 2601 exseritur
678 2545 709 2613 ⁵,
738 2545 852 2602 iactirus
874 2545 921 2604 rel·
967 2541 1095 2602 mobilem
1119 2540 1293 2611 velocemque
1317 2550 1345 2595 et
1367 2549 1521 2598 currentem
1540 2549 1642 2596 motum
1666 2541 1757 2597 caele·

120 2635 272 2694 effectivus
284 2651 337 2692 noo
351 2636 496 2708 incongrue
509 2636 666 2692 recitatur⁸
681 2655 687 2691 :
702 2636 750 2702 ita,
762 2645 792 2691 ut
808 2636 915 2706 opinor,
967 2633 1051 2692 au‘um
1063 2634 1242 2692 essentiarum
1253 2634 1281 2688 io
1295 2632 1385 2688 divina
1399 2632 1539 2704 mysteria.
1554 2632 1668 2703 Propter
1680 2634 1757 2705 ,quoe

121 2725 154 2788 io
179 2724 346 2782 caelestinus
364 2726 476 2790 saliuis,
490 2725 551 2780 dium
566 2724 648 2781 ueluti
668 2726 756 2795 primo
774 2734 847 2780 moto
862 2726 922 2795 pri-¹
967 2733 993 2780 et
1006 2734 1134 2797 pennatos
1147 2725 1278 2796 &slogio
1294 2734 1445 2780 serstorum
1463 2724 1640 2781 intellectarum
1654 2725 1758 2795 figure·

99 2819 106 2832 '
122 2816 277 2873 mundiales
291 2829 386 2872 causas
405 2815 432 2870 in
447 2815 577 2885 principio
599 2815 736 2880 omniunt,
756 2816 827 2885 guod
847 2814 918 2870 Deus
967 2815 1002 2870 sit
1027 2815 1115 2884 pedes.
1136 2813 1271 2869 Primores
1285 2831 1404 2885 suumque
1424 2815 1555 2886 significet
1575 2816 1757 2885 unupopicom,

122 2915 178 2974 est,
190 2922 273 2979 snpra
283 2920 314 2962 se
324 2907 474 2974 intuentur,
484 2906 555 2962 actio
565 2905 688 2971 eonrm‘,
698 2905 761 2960 dum
773 2905 800 2960 in
810 2903 916 2973 seipsis,
967 2903 1020 2958 luoc
1032 2911 1086 2970 est,
1101 2918 1209 2960 animuin
1222 2905 1364 2960 ducentem
1374 2904 1398 2936 ⁴⁸
1412 2904 1582 2970 uelocitatem,
1597 2915 1622 2964 et
1634 2905 1757 2961 ouelmes

123 2998 202 3070 quaed
223 3014 304 3069 supra
320 3012 349 3053 sc
361 2997 475 3061 rident,
495 2995 685 3061 conformant,
702 2993 835 3065 operatio,
853 2994 917 3048 dum
967 3007 1072 3050 sorsum
1092 3008 1179 3047 uersus
1196 2993 1331 3047 ”itineris
1351 2993 1478 3058 setinum,
1498 2994 1593 3060 idest,
1613 2993 1759 3050 caelestem

125 3101 208 3152 sero,
220 3102 290 3156 quae
300 3083 423 3142 iaciendo
434 3092 498 3139 sunt
510 3084 536 3139 io
549 3093 646 3138 natura
659 3097 748 3138 rerum
756 3081 833 3149 justa
847 3096 932 3136 atoar-n
969 3080 1103 3135 actionem
1119 3081 1226 3138 itineris
1245 3082 1394 3150 ursorum,
1414 3082 1485 3153 quod
1506 3098 1613 3139 sursum
1635 3084 1710 3142 ducit
1729 3081 1757 3139 i'n

123 3174 227 3248 ιιςίιιιι
242 3190 346 3240 maur,
358 3189 428 3245 quae
439 3189 520 3244 supra
533 3188 564 3229 se
577 3171 793 3242 contemplantur
804 3179 832 3225 ot
847 3171 873 3225 in
887 3185 918 3226 se
969 3171 1092 3226 ueritatis
1117 3173 1385 3244 contemplationem,
1401 3183 1425 3229 et
1448 3175 1482 3229 ol
1501 3176 1572 3229 omni
1596 3176 1689 3229 tramiti
1712 3191 1758 3245 per

123 3266 322 3331 conlurntant,
345 3265 450 3322 iaciunt
476 3273 558 3335 atque
582 3261 715 3326 efficiunt,
739 3261 853 3318 lactisus
875 3258 917 3316 uel
931 3265 954 3330 c
967 3278 1072 3319 sursum
1083 3262 1168 3333 [erens
1180 3274 1326 3331 remotum,
1340 3264 1394 3321 lruc
1403 3272 1463 3330 cst,
1478 3266 1588 3336 pennati
1602 3266 1685 3337 pedes
1697 3280 1760 3322 san·

122 3356 269 3413 edectiros
285 3370 379 3412 eorum
395 3363 484 3410 nrotus
502 3369 556 3410 non
574 3353 794 3410 inconsenieuter
808 3351 916 3407 dicitur.
967 3363 1073 3411 ctorum
1092 3355 1279 3412 intellectuum
1296 3356 1465 3427 signiticaot,
1483 3358 1557 3429 quod
1570 3357 1619 3430 ipsi
1632 3358 1668 3415 alr
1682 3356 1758 3415 maai

159 3446 218 3502 tior
231 3464 290 3503 reru
306 3444 453 3517 samiolum
467 3461 523 3502 esse
540 3443 675 3516 deiformis
697 3445 764 3498 sitm
786 3443 920 3514 ριοιιήιιιιι
967 3444 1120 3501 humilitate
1130 3445 1280 3515 corporalia
1291 3455 1435 3503 creaturae
1446 3447 1544 3504 reureti
1556 3456 1629 3515 sunt,
1637 3448 1689 3518 per
1698 3462 1760 3503 sur·

125 3534 233 3591 sitelesr
251 3536 372 3590 uirtutem
381 3532 546 3603 deiformiter
556 3533 583 3587 in
595 3548 639 3599 ee,
651 3530 921 3604 oseeproeintellecte
968 3548 1027 3589 sunt
1039 3530 1141 3600 lenens,
1155 3534 1182 3589 id
1195 3544 1249 3600 est,
1263 3550 1314 3606 per-
1325 3535 1533 3592 intellectualem
1546 3537 1690 3603 theoriam,
1703 3551 1757 3607 qua

127 3624 378 3689 manumittentis.
393 3624 563 3680 [licuntesse
574 3637 623 3679 cor
634 3620 921 3695 cynamomum
969 3635 1076 3677 sursum
1098 3621 1221 3683 leruntur
1244 3622 1272 3678 io
1291 3639 1401 3681 eausam
1417 3640 1509 3680 rerum
1523 3625 1677 3681 volitantes.
1693 3622 1757 3694 ipsi

126 3714 224 3787 plane,
238 3713 377 3770 deilormls
389 3713 472 3780 ritae,
485 3728 555 3785 quine
574 3721 616 3769 est
631 3713 658 3769 in
671 3714 682 3744 ⁷
696 3711 920 3769 intellectualibus
968 3725 1027 3766 acro
1048 3725 1193 3778 pernoram
1218 3709 1308 3767 levites
1331 3712 1410 3766 alictii
1437 3721 1585 3777 terrenam,
1605 3715 1650 3767 sert
1673 3722 1757 3769 tutent

127 3800 921 3877 etntionablliuusereaturisquaepropr'inmvitalemtir·
968 3801 1065 3856 urende
1078 3810 1104 3853 et
1117 3800 1173 3855 sine
1192 3802 1319 3871 grauitate
1339 3803 1367 3855 ie
1389 3802 1518 3857 excelsum
1534 3801 1687 3857 ascendens.
1707 3801 1760 3858 Su·

130 3901 216 3948 tutem
229 3891 397 3947 deiformiter
415 3892 568 3948 seminatio
584 3905 632 3956 ea,
645 3889 921 3960 quaedivinapruui·
968 3889 1060 3960 pcrius
1071 3889 1222 3958 expositum
1239 3898 1282 3944 est
1295 3891 1328 3954 ¹¹,
1344 3890 1416 3959 orrod
1435 3890 1531 3946 levitas
1550 3906 1699 3961 pcormrum
1722 3892 1760 3948 si·

129 3984 232 4048 dentis,
244 3985 401 4054 priusquam
416 3981 523 4046 dorent,
533 3980 850 4065 maeiutdleuinin
861 3979 921 4035 loca
970 3978 1089 4049 gnificat,
1103 3978 1171 4033 nilril
1185 3979 1212 4034 in
1223 3978 1385 4035 caelestibus
1406 3981 1532 4037 essentiis
1541 3989 1677 4038 terrenum
1687 3997 1758 4048 csse,

130 4072 295 4147 comodum,
316 4071 388 4142 quod
406 4086 503 4127 omnes
516 4071 643 4133 uirtutes,
666 4085 737 4140 quae
755 4085 803 4140 per
816 4070 922 4138 singula
970 4070 1018 4125 sed
1032 4076 1102 4125 tutas
1114 4084 1161 4124 eas
1172 4070 1287 4124 mundas
1297 4068 1424 4138 omninno
1434 4071 1567 4141 grauitate
1580 4069 1719 4129 absolutus
1730 4073 1759 4127 ia

131 4135 379 4225 mmffiffmaoi
392 4161 515 4232 eorporis
527 4162 778 4232 imaginantur,non
791 4159 876 4237 solum
887 4160 922 4216 ad
970 4158 1117 4224 maelium,
1132 4159 1217 4215 ὓιιιιιι
1231 4159 1322 4230 mane,
1340 4163 1496 4216 ascendere.
1519 4159 1670 4217 Notandum
1687 4163 1760 4233 quod

132 4252 615 4341 waleseseentiamueprmctmm
626 4252 659 4307 od
670 4236 920 4316 causamomrtium,
969 4250 1065 4304 beatum
1085 4250 1137 4306 iste
1159 4251 1296 4325 magister,
1315 4250 1394 4306 sicuti
1409 4251 1492 4307 ceteri
1509 4251 1629 4321 ejusdem
1651 4251 1760 4323 linguae

132 4359 165 4399 ex
180 4358 236 4414 qua
251 4357 346 4400 omnes
364 4342 515 4414 procedunt
532 4342 663 4407 uirtutes,
684 4350 797 4412 possunt
815 4339 920 4395 relerri.
970 4337 1104 4404 doctores,
1123 4339 1213 4393 omnia
1235 4355 1350 4408 genera,
1371 4355 1466 4395 omnes
1487 4355 1617 4396 numeros
1636 4341 1758 4397 omnium

132 4434 176 4491 Es
195 4449 249 4504 qua
271 4432 444 4488 etiamreluti
470 4433 663 4488 iutimocorle
684 4432 772 4486 titulis
791 4432 920 4487 meursio
968 4426 1114 4483 uerborum
1141 4437 1347 4499 ceterorumque
1376 4430 1493 4500 partium
1519 4430 1757 4501 significativarum

134 4524 341 4581 uniuersitatem
361 4523 472 4580 risibilis
494 4532 522 4577 et
541 4521 683 4578 inuisibilis
700 4529 840 4577 creaturae
860 4528 920 4575 tan-
972 4519 1122 4577 intellectus
1142 4534 1191 4591 per
1212 4519 1357 4592 singularia
1380 4522 1512 4578 neutralia
1533 4525 1652 4589 nomina,
1678 4540 1760 4597 saepe

133 4631 217 4687 quam
237 4615 360 4671 inunum
374 4615 508 4686 quoddam
530 4628 631 4684 corpus
651 4612 821 4670 distribuitur
840 4594 1053 4683 atqueDetiam
1075 4625 1124 4681 per
1140 4611 1285 4668 verborum
1299 4611 1404 4667 inunita
1418 4613 1592 4670 usitatissima
1610 4614 1758 4673 insinuaut.

134 4706 295 4763 sentinatur.
312 4704 509 4761 lntoereetiam
522 4702 595 4775 quod
606 4704 645 4759 ult
655 4720 663 4757 z
674 4702 727 4759 Gor
738 4718 798 4759 esse
808 4703 918 4774 symbo-
972 4697 1082 4755 Nodum
1095 4715 1197 4771 guoque
1213 4708 1238 4754 et
1249 4699 1604 4768 discalciatamdinsisssst,
1618 4711 1642 4757 et
1654 4701 1760 4758 eisda-

134 4795 191 4851 lum
203 4793 425 4850 deiformisritae
438 4794 547 4850 vitalem
562 4794 688 4848 uirtutem
706 4793 881 4857 seminantis,
892 4799 920 4848 et
968 4799 1067 4856 temet
1080 4788 1301 4856 immensurabile,
1311 4800 1335 4844 et
1345 4807 1441 4862 parem
1452 4808 1543 4851 carust
1553 4792 1587 4859 ¹¹,
1601 4808 1669 4865 quse
1684 4802 1760 4851 cetra

134 4884 356 4956 intempestiuae
367 4884 535 4955 praeclarum
549 4884 708 4954 magistrum
724 4884 815 4939 sedern
830 4882 920 4939 uitalis
969 4890 1050 4946 sunt,
1080 4883 1260 4952 oppositione,
1291 4890 1316 4935 et
1340 4883 1376 4937 od
1400 4883 1591 4953 simplicitatem
1621 4886 1757 4946 dium.

12 4960 13 4963 ¹
132 4982 230 5054 ‘motus
250 4976 331 5032 totius
350 4974 637 5045 nostricorporisnon
651 4974 678 5029 io
692 4974 816 5038 cerebro,
831 4972 877 5028 sed
891 4971 919 5029 in
967 4980 1097 5041 mntem
1116 4970 1254 5041 mnilite,
1282 4971 1504 5031 odsiomtorioen.
1525 4972 1566 5031 Ac
1587 4975 1610 5030 sl
1634 4975 1758 5032 diceret:

137 5066 222 5122 corde
239 5069 412 5123 mrisututnm
425 5066 532 5121 docere.
601 5144 603 5147 v
972 5064 1049 5133 Quod
1065 5065 1223 5122 caelestium
1236 5065 1416 5121 essentiarum
1436 5050 1565 5137 mysticae
1584 5056 1716 5140 imagines
1729 5070 1759 5125 in

175 5151 393 5211 Pectoroiteruan
410 5155 558 5226 significare
575 5148 708 5207 deremet
728 5153 920 5219 coauditiuunt,
973 5157 1148 5212 siurilitudine
1169 5160 1233 5214 nudi
1254 5159 1372 5215 hominis
1396 5167 1424 5213 et
1445 5158 1547 5229 absque
1567 5159 1758 5215 calceamentis

139 5255 171 5301 st
184 5245 435 5318 supposueris
448 5244 566 5313 sicilicos
579 5242 767 5298 distributionis
776 5243 799 5297 ⁸.
813 5244 920 5310 Dicunt,
974 5248 1070 5302 stantis
1082 5262 1130 5301 sen
1142 5246 1317 5317 ingredientis
1330 5247 1404 5302 sisae
1416 5255 1489 5313 sont,
1506 5246 1570 5317 quid
1590 5246 1662 5302 aliud
1674 5245 1757 5316 sigui·

770 5372 897 5429 tantali
915 5373 1115 5430 leutrudis,

175 5510 386 5579 ‘Adisclulinie
422 5504 522 5561 'cmo
536 5502 778 5572 B‘,llllfortiaorn.
816 5502 1353 5592 ¹B‘corr.propressionesnnmerorum.
1400 5505 1469 5561 ‘tu
1485 5507 1609 5560 exeritur.
1656 5506 1700 5560 ·.t
1715 5524 1759 5562 to·

140 5596 226 5643 enter.
263 5579 426 5634 ⁴B·adscr.
444 5585 493 5630 est.
538 5576 656 5629 tinem.
672 5573 924 5640 lumiminum.
944 5571 991 5625 Β.
1028 5571 1416 5641 'lidrstrilotionisririficoe
1463 5573 1696 5646 ’Cord,proeic
1714 5577 1759 5631 llll
1832 5611 1842 5633 ι

139 5654 322 5723 dugaw„
341 5647 429 5705 ,m
448 5660 508 5699 cm
528 5645 573 5698 ,ει
625 5642 734 5699 tteorr.
757 5641 859 5707 ss·‚tu
881 5639 963 5694 uitali.
1013 5639 1151 5695 “illinit
1222 5643 1305 5698 sorel
1324 5664 1467 5714 appareas.
1515 5645 1536 5675 ¹¹
1555 5644 1631 5700 Gerr.
1653 5646 1759 5709 uano

139 5734 302 5782 amm,
351 5712 637 5777 “corriltztttiitn
675 5712 787 5767 ¹‘Corn
806 5710 847 5773 ll',
869 5710 1082 5779 Alidependunt.
1130 5711 1328 5775 ¹ioom.atl‚
1351 5727 1431 5781 surpra
1450 5712 1593 5768 adsemll'.
1632 5715 1760 5770 '‘lirro-

142 5795 318 5853 satttdaceute.
366 5786 385 5817 ¹¹
401 5786 645 5840 Buersussttrsuut.
689 5782 710 5812 ¹⁸
725 5792 762 5835 ost
778 5796 832 5836 our.
848 5778 1009 5845 AB,adscr.
1028 5779 1071 5833 B'.
1109 5779 1130 5811 ¹⁹
1144 5779 1175 5834 B·
1194 5780 1264 5836 itura
1279 5780 1366 5836 adser.
1381 5781 1531 5843 eduorum.
