4167 6625
318 464 350 521 st
844 466 1041 527 ostonem
1060 466 1449 534 suonocottuertmmo.
1953 467 1983 522 ΙΙ

318 594 414 637 rerum
439 579 523 635 etiam
547 579 654 653 publice
681 593 713 635 ac
737 579 886 638 solenniter
910 582 1034 640 comburi
1058 582 1231 655 ius-Aluit,
1243 587 1376 658 prodiisse
1401 588 1434 644 de
1455 587 1561 659 integro
1584 584 1613 642 ln
1647 581 1806 657 pubiicum
1831 579 1916 637 libros
1934 582 1981 652 jan
2063 580 2064 587 ’

320 673 389 728 sisse
407 672 455 744 io).
475 672 627 739 ditericus,
644 675 725 729 trium
750 675 866 733 lentium
889 679 1051 745 monachos,
1072 679 1118 748 qui
1172 676 1276 748 pridem
1297 678 1447 744 demiratus,
1462 678 1564 735 Romae
1579 677 1607 732 in
1625 674 1762 731 indicem
1778 670 1916 730 librorum
1928 685 1982 742 prs·

320 766 465 822 admodum
491 766 548 851 'ilde
576 767 673 838 dignos
711 768 828 824 nabetur
853 769 923 843 (i),
951 771 986 827 ad
1017 784 1119 827 annum
1170 768 1317 825 hibitomnt
1335 770 1411 827 relati
1425 777 1597 841 sunt;qucm
1613 766 1719 824 locum
1731 778 1820 822 enum
1840 763 1876 819 ad
1887 762 1983 819 hoder-

320 859 465 915 llCGssll
486 861 555 915 haec
572 859 675 914 roiert:
694 879 703 910 r
723 860 843 919 Litterae
864 864 963 918 enormi
983 863 1119 933 pontilicis
1171 877 1235 917 rtnm
1250 878 1336 934 usque
1355 864 1425 919 dictu
1439 864 1616 920 obtinuerunt
1631 859 1688 933 (e).

320 951 447 1023 ifleaoeii
458 950 502 1021 ΙΙΙ)
512 980 563 1005 ψ».
576 988 584 1006 .
599 953 753 1010 .lreeattoo
763 952 820 1026 (de)
831 954 935 1010 solcum
945 955 1127 1033 damnatione·
1207 950 1299 1031 Neque
1314 963 1403 1011 tamen
1417 954 1471 1012 nilo
1483 960 1562 1026 pacto
1573 950 1775 1008 Scitlueterus
1793 946 1983 1020 reprehendes

320 1043 462 1114 cujusdam
481 1041 565 1098 libelli
580 1042 693 1099 loannis
707 1044 792 1099 Senti.
814 1044 949 1103 Honorius
963 1048 1118 1118 episeopus,
1170 1046 1221 1103 dus
1235 1054 1287 1113 est,
1301 1057 1442 1119 propterea
1454 1048 1537 1118 quod,
1549 1046 1599 1103 etsi
1617 1042 1811 1102 catholicum
1827 1055 1858 1098 sc
1870 1038 1983 1113 prodiet·

320 1149 417 1191 servus
439 1150 581 1191 serrorum
607 1135 666 1201 liei,
687 1137 901 1208 archiepiscopis
922 1148 951 1195 et
971 1140 1118 1211 episcopis,
1169 1152 1224 1208 tur,
1246 1143 1400 1214 posthabita
1421 1156 1587 1198 summorum
1607 1139 1793 1217 pontillcurn
1819 1134 1983 1201 aemunitate,

320 1238 374 1286 ete
386 1228 516 1285 inimicus
536 1230 618 1284 homo
632 1229 738 1288 titania
755 1230 827 1287 bono
842 1230 938 1286 semini
953 1232 1118 1302 supersemi-
1170 1236 1258 1293 denno
1278 1237 1338 1294 ilios
1356 1237 1440 1292 libros
1464 1232 1589 1292 ediderit.
1611 1231 1690 1289 Nam
1717 1230 1892 1309 quumitoc
1909 1228 1982 1305 ipsun

320 1334 388 1378 nare
400 1329 575 1387 noncesnt,
597 1329 650 1378 etc.
670 1321 761 1392 Nuper
780 1322 926 1394 siquidem,
948 1324 1020 1381 sient
1040 1326 1119 1383 noltis
1170 1340 1284 1399 nupera
1297 1330 1414 1400 quodam
1436 1327 1554 1384 monitus
1575 1324 1693 1390 inisset.
1717 1336 1775 1403 per
1793 1322 1983 1381 adolescentem

321 1413 626 1487 significatittenerab.
642 1413 729 1471 irater
745 1416 999 1475 nosterl’arlslens.
1014 1419 1120 1490 episeo-
1168 1420 1220 1477 sibi
1247 1421 1442 1477 amicissimum
1466 1421 1610 1477 certiorem
1644 1433 1718 1474 eum
1751 1415 1838 1482 lecit.
1864 1428 1923 1470 sese
1943 1425 1985 1466 nee

321 1504 375 1575 pis,
386 1505 548 1576 estquidam
560 1506 637 1573 liner,
649 1508 969 1577 qoiPeridsiatitulatur,
982 1511 1117 1581 intentos,
1170 1512 1305 1569 audiuisse
1319 1526 1448 1584 unquam,
1461 1527 1511 1568 nec
1522 1512 1645 1584 credero,
1663 1508 1762 1566 ulltrm
1785 1505 1905 1565 loannis
1921 1504 1984 1560 scoti

323 1604 363 1651 tot
377 1606 486 1653 scatens
505 1600 642 1655 terminos
664 1601 819 1658 haereticae
841 1605 992 1674 pravitatis,
1017 1604 1117 1662 undet
1169 1602 1301 1674 Erigonae
1325 1618 1394 1672 opus
1415 1602 1442 1658 in
1470 1602 1587 1661 indicent
1614 1601 1768 1663 librorum
1792 1597 1984 1673 proitiititeron

323 1689 469 1745 venerabili
484 1688 568 1746 iratre
588 1702 682 1747 uestro
701 1694 905 1766 archiepiscopo
925 1694 1074 1754 &nonensi
1092 1707 1120 1754 et
1169 1695 1285 1751 relatum
1300 1709 1376 1762 esse3
1395 1711 1457 1752 eum
1481 1695 1609 1760 iortasse,
1630 1694 1794 1750 nominum
1819 1686 1985 1749 similitudine

321 1779 499 1854 suffraganeis
513 1781 582 1852 ejus,
595 1785 621 1841 ln
634 1786 795 1857 motinclnll
811 1788 926 1846 concilio
937 1789 1118 1864 congregatis,
1170 1785 1324 1857 deceptum,
1341 1801 1412 1858 qnae
1429 1789 1463 1842 de
1481 1784 1585 1842 ioantre
1607 1786 1690 1841 Duos
1719 1783 1815 1841 Scuto
1838 1778 1984 1841 invenisset,

318 1872 395 1959 iusto
415 1883 457 1930 est
477 1875 525 1930 liei
545 1873 647 1944 judicio
666 1878 835 1947 reprobatos.
852 1878 920 1945 ilrtia
937 1880 1019 1952 igitur
1037 1880 1115 1948 liber,
1171 1878 1205 1934 ed
1217 1876 1349 1934 loannem
1364 1878 1476 1935 Scotum
1487 1877 1632 1949 lirigcoam
1647 1874 1838 1932 traduxisse.

323 1967 393 2022 sicut
410 1967 570 2038 recepimus,
598 1968 625 2023 in
645 1969 782 2024 nonnuliis
807 1972 980 2027 monasteriis
1003 1980 1030 2027 et
1058 1954 1157 2029 niilsss
1208 1967 1337 2027 Venimus
1360 1982 1432 2026 nunc
1455 1970 1489 2026 ad
1510 1982 1542 2024 ea
1564 1966 1739 2038 simpliciter
1758 1962 1915 2026 afferenda,
1935 1971 1984 2028 que

323 2057 391 2114 iocis
404 2059 528 2125 tabern,
541 2068 569 2116 et
580 2060 740 2117 claustrales
754 2062 874 2117 nonnulii
894 2071 923 2119 et
945 2063 996 2119 riri
1012 2062 1118 2120 seltoia-
1169 2076 1240 2118 unns
1256 2069 1284 2118 et
1304 2063 1368 2119 item
1392 2062 1462 2119 alter
1482 2062 1541 2118 sine
1558 2075 1641 2117 causo
1664 2059 1843 2118 necessaria
1866 2054 1984 2127 Erigenat

322 2151 382 2207 stici
395 2191 402 2207 .
416 2191 423 2205 .
440 2190 447 2206 .
463 2167 493 2208 se
505 2152 653 2209 studiosius
665 2163 798 2224 occupant
812 2155 928 2211 ieetlonc
940 2154 1005 2211 dicti
1020 2155 1115 2212 iibri...
1170 2154 1273 2209 tribuit.
1288 2153 1358 2209 Sunt
1371 2152 1428 2210 lere
1441 2153 1509 2210 ireec
1522 2152 1561 2226 (d)
1575 2170 1583 2207 ε

322 2257 372 2297 nes
396 2240 475 2312 irrata
499 2241 642 2312 pastoralis
671 2242 860 2299 sollicitudinis
880 2243 1001 2299 detritum
1024 2258 1118 2299 corru-
1203 2245 1223 2301 i.
1242 2245 1402 2315 ‹Excerpta
1414 2261 1449 2301 ert
1462 2244 1600 2301 llacroirio
1614 2244 1649 2300 de
1663 2242 1848 2301 differentiis
1864 2248 1892 2297 ct
1909 2238 1983 2293 socie

322 2333 418 2424 pictae,
441 2349 521 2405 quam
544 2342 636 2405 posset
658 2334 781 2405 ingerere
803 2335 872 2391 iiiicr
886 2334 1049 2407 huiusmodi,
1071 2349 1117 2389 oc·
1169 2336 1270 2392 tatibus
1288 2333 1386 2391 Graeci
1407 2334 1552 2405 Latinique
1578 2334 1654 2390 verbi
1681 2352 1709 2389 s.
1733 2334 1769 2391 ΙΙ.
1791 2352 1803 2387 r
1827 2328 1941 2388 iiomiiia
1956 2328 1982 2379 rie

322 2440 434 2481 currere
460 2433 625 2495 satagentes,
648 2427 725 2481 toliis
746 2427 880 2481 universis
902 2436 930 2481 et
954 2425 1066 2497 singuiis
1090 2425 1117 2481 in
1168 2428 1246 2484 initio
1269 2427 1406 2499 Etarrgciii
1433 2429 1582 2485 secondom
1611 2425 1760 2482 ioannem
1791 2444 1818 2480 s.
1843 2424 1918 2492 Qtrac
1939 2418 1982 2474 dut

323 2520 1115 2591 rirnrteli.Spiritusdistrictepraeclpicndomundamus,
1168 2520 1261 2589 utique
1294 2518 1457 2593 Erigeninnn
1489 2533 1560 2585 esse,
1596 2517 1760 2575 verisimile
1790 2524 1917 2597 putator.
1945 2508 1980 2567 itt.

324 2623 457 2683 quatenus
471 2611 590 2668 libellum
605 2612 685 2668 istum
704 2614 819 2669 sollicite
831 2614 1004 2686 decendentis,
1018 2622 1046 2669 et
1059 2613 1116 2669 noi
1171 2629 1181 2663 r
1200 2609 1430 2668 Gotttmentarium
1445 2613 1472 2669 ln
1487 2610 1646 2685 Dionysium
1665 2610 1880 2690 Areopagitatu
1899 2628 1920 2661 t·
1934 2600 1981 2659 1¹⁰⁰

324 2717 431 2777 cunque
443 2702 531 2776 ipsum
542 2705 584 2760 rel
594 2714 698 2776 partem
710 2706 768 2777 eins
787 2706 901 2761 inveniri
916 2706 1068 2781 contigerit,
1084 2704 1119 2761 ad
1169 2707 1215 2778 qui
1236 2705 1345 2773 viderit,
1361 2708 1432 2779 quod
1457 2706 1565 2777 quidem
1585 2702 1641 2772 llil,
1669 2718 1749 2781 quos
1775 2705 1854 2785 (sup.
1882 2709 1937 2756 not.
1957 2678 1980 2747 i)

325 2810 385 2862 nos,
397 2796 420 2851 si
437 2810 534 2853 secure
549 2795 607 2852 lieri
621 2797 717 2868 possit,
730 2797 788 2852 elne
805 2796 933 2852 dilatione
947 2797 1061 2853 mittatis
1078 2808 1120 2853 so
1171 2806 1296 2855 auctores
1311 2807 1419 2855 nostros
1439 2798 1618 2862 laudavimus,
1634 2798 1689 2855 sibi
1711 2800 1930 2872 persuaserunt.
1946 2795 1981 2843 eti

325 2887 442 2945 ienniter
464 2888 693 2955 comburendum,
722 2887 840 2960 alioquin
866 2900 913 2947 tos
938 2888 989 2965 ipsi
1013 2889 1120 2962 publice
1172 2888 1289 2947 iortasse
1302 2889 1463 2948 neruoiam
1476 2905 1543 2946 reru
1557 2898 1648 2953 nostra
1661 2898 1762 2947 aetate
1779 2890 1830 2946 [ir.
1843 2880 1979 2944 Grcitltlua

325 2981 492 3037 combumis
506 2982 632 3048 condem,
648 2980 762 3037 subditis
776 2983 875 3039 restris
887 2996 1016 3054 expresse
1033 2980 1122 3054 iniun·
1171 2982 1308 3055 paraclitis
1322 2980 1517 3054 sangallensis,
1533 2982 1560 3037 in
1572 2981 1746 3039 bibliotheca
1759 2979 1899 3049 Vaticana
1916 2982 1981 3047 repe

325 3086 430 3146 gentas,
453 3086 495 3143 ut,
520 3077 673 3147 quicunque
690 3077 810 3148 ipsorum
834 3078 935 3135 habent
955 3078 997 3135 tei
1021 3079 1122 3135 itabere
1173 3078 1209 3132 rit
1232 3073 1295 3148 (sit
1320 3073 1504 3144 expositiones
1523 3073 1550 3127 ln
1574 3071 1689 3130 loannis
1707 3070 1792 3130 scoti
1817 3066 1855 3124 ad
1879 3058 1983 3122 esculo

326 3175 440 3239 possam
452 3168 479 3222 tn
493 3175 548 3220 toto
563 3166 606 3220 rei
618 3167 645 3220 in
656 3176 733 3236 parte
744 3166 909 3235 exemplaria
923 3168 989 3222 dicti
1004 3160 1078 3232 iibri,
1090 3180 1122 3222 ca
1173 3167 1353 3238 Areopagitae
1361 3165 1543 3222 hierarchiam
1558 3142 1706 3221 coelestem
1725 3160 1758 3218 si
1771 3159 1861 3237 Typis
1873 3150 1980 3212 nonduin

327 3260 477 3332 nobismet
493 3258 617 3315 differant
634 3260 783 3330 resignare,
807 3262 965 3326 idumeae,
990 3260 1035 3330 qui
1052 3259 1123 3314 ultra
1175 3267 1217 3313 est
1241 3253 1415 3327 descriptum,
1430 3262 1610 3327 preterquam
1633 3252 1709 3325 quod
1733 3254 1833 3308 iocum
1858 3242 1982 3328 quendam

328 3351 376 3410 ΧΙ
388 3354 457 3417 dies,
471 3359 613 3422 postquam
628 3350 779 3420 huittsmorli
794 3351 951 3404 mandatum
961 3361 1009 3403 seo
1021 3327 1161 3408 deum-C
1177 3350 1211 3406 dc
1224 3347 1253 3407 S.
1265 3347 1434 3404 Eucharistia
1450 3362 1484 3404 ex
1498 3361 1531 3403 eo
1547 3346 1658 3424 protulit
1676 3343 1847 3409 lloesserns,
1857 3354 1936 3418 quent
1952 3333 1982 3390 le

297 3509 308 3522 ο
329 3442 411 3498 elatio
425 3440 459 3495 ad
472 3438 595 3495 notitiam
618 3441 717 3495 contin*
730 3437 1003 3509 pervenerit‚liiirum
1023 3437 1123 3509 ipsunt,
1178 3456 1238 3496 curn
1265 3453 1315 3495 nos
1329 3453 1437 3511 quoque
1457 3451 1538 3508 supra
1562 3439 1633 3509 (cap.
1651 3425 1685 3492 ΙΙ
1700 3435 1801 3508 extr.)
1826 3427 1981 3500 exscriptum

331 3542 415 3594 totum
431 3540 477 3586 sut
499 3540 616 3601 purtem,
630 3530 749 3586 scienter
768 3531 887 3586 retinere
899 3531 1122 3602 praesumserint,
1176 3530 1432 3602 inemendatos
1447 3529 1499 3586 loci
1510 3529 1597 3584 oratio
1612 3537 1653 3585 est
1663 3529 1737 3585 satis
1753 3523 1930 3602 Erigeulana.
1942 3513 1979 3572 il·

328 3626 618 3687 ercomntnuicationis
631 3626 792 3683 senentiam
806 3625 964 3692 incurrisse,
979 3633 1125 3695 notamque
1176 3624 1415 3696 interpretationes
1427 3621 1539 3677 Latinae
1552 3629 1580 3677 et
1596 3640 1605 3672 r
1628 3618 1782 3677 lioralinm
1803 3607 1978 3693 aristotelici

329 3722 471 3794 pravitatis
487 3717 639 3776 itaetetieae
658 3733 712 3774 non
731 3718 855 3775 evadent.
880 3717 979 3772 ilatum
995 3716 1123 3772 Laterani
1177 3723 1230 3774 etr
1251 3717 1389 3771 tartarum
1409 3712 1572 3770 mirabilium
1594 3712 1780 3770 iiistoriarnm
1802 3731 1827 3766 s.
1847 3708 1893 3765 iiia
1914 3698 1978 3757 Sc⁰i¹

329 3811 421 3870 XCal·
438 3811 518 3868 Feli·
537 3821 613 3865 teet·
1176 3823 1237 3867 esse
1259 3807 1366 3865 laeliius
1386 3814 1520 3876 negatur,
1546 3819 1627 3878 quarn
1654 3805 1853 3862 conceditur:
1876 3793 1909 3854 de
1935 3792 1977 3847 hit

365 3905 438 3961 ilaec
461 3904 543 3976 igitur
563 3911 706 3974 postquam
732 3900 767 3955 air
796 3898 915 3954 Honorio
934 3897 967 3954 ill
995 3898 1124 3956 adversus
1177 3909 1277 3976 negate
1290 3914 1344 3955 non
1359 3897 1491 3953 dubitant.
1512 3894 1544 3952 Ι.
1563 3914 1573 3947 r
1594 3889 1880 3952 commentariensis
1900 3883 1976 3941 Estn-

329 4000 413 4055 libros
424 3999 458 4053 «ie
470 3995 578 4050 Naturis
589 4007 717 4064 supremo
727 3990 861 4061 supplicio
873 3990 975 4047 sancita
987 3998 1061 4057 sunt,
1076 4003 1126 4063 per
1177 3991 1276 4066 gelium
1290 3989 1438 4046 secundum
1453 3986 1619 4044 liattitacum
1642 4003 1667 4053 r,
1690 4004 1701 4039 t
1728 3987 1869 4042 tractatus
1886 3968 1975 4034 dcciii·

329 4091 467 4163 prosimos
479 4083 587 4140 Geticis
610 4097 706 4149 aneos,
729 4084 792 4137 dnm
814 4080 1031 4145 Thomasilnlei,
1050 4081 1124 4139 Oxo·
1178 4081 1367 4139 ciisimmauis
1380 4099 1390 4133 t
1405 4087 1457 4136 cet.
1473 4090 1527 4136 cet.
1542 4077 1594 4146 Qut
1617 4075 1689 4146 illiti,
1705 4077 1823 4150 quando
1845 4087 1861 4128 a
1881 4067 1975 4127 luenti

330 4185 441 4244 niensis,
460 4195 541 4250 opera
556 4178 625 4250 typis
642 4176 844 4243 deseribuntur,
856 4177 966 4232 omnino
981 4187 1126 4246 properite-
1179 4172 1221 4228 tei
1236 4187 1252 4226 a
1269 4171 1351 4228 Scuto
1371 4170 1460 4242 aliquo
1478 4168 1572 4239 scripti
1586 4170 1722 4233 dicantur,
1738 4166 1876 4226 continuo
1889 4173 1904 4213 a
1916 4151 1973 4208 vitt't

330 4278 395 4332 doto
409 4271 538 4331 eitiitlonl
554 4268 667 4323 traditos
686 4281 735 4322 eos
749 4267 832 4324 tuisse
845 4267 951 4324 credas.
968 4266 1062 4339 Neque
1076 4265 1124 4332 ilii,
1179 4261 1277 4329 doctis,
1288 4263 1333 4333 qni
1347 4259 1482 4333 opinando
1491 4258 1637 4333 plurimum
1651 4258 1744 4316 valere
1754 4255 1874 4317 soleant
1886 4238 1970 4304 ³⁰³'l'5

329 4371 377 4441 qui
394 4361 598 4424 intereasaneti
611 4359 716 4416 concilii
740 4358 889 4416 Tridentini
907 4360 987 4431 tressa
1009 4358 1125 4414 indicem
1180 4366 1274 4414 nostro
1300 4351 1428 4425 adscripti
1451 4353 1622 4408 creduntur:
1646 4359 1777 4407 constare
1802 4346 1897 4405 nitro,
1920 4331 1970 4389 ³¹5⁶

332 4461 463 4515 ilorornm
482 4454 679 4526 proitiltilurttnt
705 4455 859 4520 coniecere,
887 4452 962 4508 Sonti
984 4450 1069 4506 libros
1093 4447 1127 4505 de
1180 4449 1254 4519 ipsos
1269 4445 1325 4503 iere
1337 4443 1494 4501 carnotibus
1509 4441 1613 4511 deberi,
1627 4441 1825 4513 quibusnnntn
1847 4431 1888 4489 rel
1901 4427 1972 4483 toan·

332 4553 437 4610 naturis
454 4558 625 4608 curaverunt.
649 4552 685 4608 At
698 4565 784 4622 quum
803 4545 922 4622 primurn
943 4545 1127 4604 renuntiatum
1141 4587 1168 4647 D
1182 4540 1224 4597 nis
1235 4539 1278 4596 rel
1292 4540 1367 4597 scoti
1378 4553 1476 4595 nomeu
1491 4551 1553 4595 eum
1565 4537 1662 4597 ilostro
1675 4547 1825 4592 conrnune
1835 4523 1923 4586 luerii-

1027 4719 1277 4739 -··-··-··
1974 4685 1980 4750 i

923 4845 1049 4930 eles
1078 4837 1379 4926 costenten.

701 5023 715 5104 5
731 5027 757 5080 ¹·
1185 5017 1250 5088 quid
1266 5032 1276 5066 t
1291 5012 1333 5070 vei
1348 5013 1440 5069 animo
1452 5009 1555 5083 percipi
1567 5015 1672 5081 potet,
1686 5004 1728 5063 vei
1747 5003 1833 5064 animi
1853 4987 1967 5056 lrrtentlo

366 5121 484 5179 Naturae
496 5121 531 5196 (s.
543 5117 654 5195 metus)
670 5115 780 5173 nomine
791 5109 1043 5185 comprehenditur,
1055 5110 1132 5182 qnid·
1185 5122 1246 5164 nem
1259 5112 1369 5184 superat
1386 5123 1409 5161 s.

368 5303 458 5428 (ozei.
467 5300 582 5357 Gersoo.
594 5294 758 5351 et'ieonetn.
770 5291 789 5347 l.
798 5290 817 5347 l.
826 5287 924 5348 Thom.
935 5288 1010 5346 Gale.
1025 5285 1126 5343 testirn.
1216 5288 1256 5361 iti)
1270 5286 1312 5344 ct.
1328 5286 1398 5341 llirt.
1412 5285 1462 5340 litt.
1475 5284 1508 5338 ds
1519 5282 1546 5336 is
1560 5280 1674 5345 Fratres,
1687 5290 1752 5336 tom.
1767 5279 1801 5344 Ι,
1813 5293 1839 5348 p.
1851 5269 1900 5326 iti
1912 5273 1963 5388 ³:³2

332 5390 360 5444 p.
378 5376 388 5428 i
413 5414 419 5428 .
437 5370 508 5426 llist.
523 5369 573 5423 titt.
588 5365 658 5422 dele
673 5362 788 5429 Fratres,
806 5372 870 5420 tom.
888 5360 922 5429 Ι,
936 5377 962 5431 p.
976 5360 1039 5418 itt.
1182 5358 1278 5416 Tuom.
1290 5359 1366 5420 Gale,
1382 5364 1443 5411 test.
1460 5372 1486 5425 p.
1503 5356 1533 5410 ΙΙ
1555 5363 1583 5409 et
1603 5368 1631 5421 p.
1651 5351 1694 5407 te.
1714 5350 1851 5406 Nosiiiarn
1869 5346 1909 5412 pai
1933 5404 1938 5414 ¹

369 5445 406 5514 ti)
419 5440 496 5508 erod
511 5439 633 5511 pluribus
650 5437 747 5508 probat
765 5434 807 5491 vir
827 5449 948 5492 summus
960 5430 992 5490 G.
1006 5432 1038 5489 G.
1051 5428 1131 5487 Leilt-
1183 5447 1256 5488 mrim
1277 5429 1418 5485 instoriam
1436 5425 1521 5481 secuti
1541 5439 1644 5488 sttmtts,
1666 5438 1747 5494 sperne,
1771 5431 1800 5475 ot
1820 5415 1912 5473 soritis,
1932 5408 1962 5454 tta

334 5516 417 5569 nitius
433 5514 458 5567 in
473 5509 559 5595 praei.
574 5511 607 5564 ad
623 5507 737 5564 alterum
750 5504 852 5560 volum.
875 5512 986 5576 paratae
1000 5519 1015 5558 a
1029 5517 1059 5560 se
1079 5502 1131 5560 iut-
1183 5501 1336 5558 accuratius
1363 5499 1414 5554 imc
1438 5497 1470 5554 de
1495 5509 1525 5550 ru
1552 5495 1703 5564 dioptrtasso
1734 5493 1865 5552 rideatur,
1891 5480 1960 5550 qinom

331 5586 377 5656 jos
390 5581 506 5638 Allienci
521 5580 657 5636 editionis.
962 5597 970 5618 =
1184 5575 1304 5630 Titotnas
1317 5568 1426 5625 Galeas.

372 5655 406 5723 ici
421 5653 463 5712 et.
480 5652 536 5709 loti.
556 5653 649 5708 libror.
662 5646 797 5778 {mmm
816 5645 882 5704 etit.
903 5644 1088 5704 liechiinient.
1104 5658 1130 5698 a.
1220 5642 1255 5715 te)
1266 5640 1307 5696 (ΙΙ.
1325 5640 1442 5705 lloeiler,
1464 5637 1506 5693 dic
1524 5637 1665 5692 deattciren
1681 5634 1787 5706 Pipstr,
1800 5627 1878 5689 snt.
1895 5615 1922 5682 fle
1935 5623 1957 5679 Ρ·

335 5722 658 5796 septemtriones
681 5721 708 5776 s.
1184 5717 1290 5782 eosq.
1342 5775 1345 5781 ,

370 5881 386 5920 i
399 5845 660 5937 Commentariorum
679 5876 830 5952 iragmntt
843 5880 1084 5950 quae'supersnnt,
1100 5868 1270 5928 eradicitus
1280 5875 1357 5923 eruta
1374 5881 1446 5928 nunc
1460 5866 1576 5940 primum
1589 5863 1731 5921 etiidirnns.
1752 5861 1877 5922 latrent.
1889 5843 1956 5903 ΕΜΙ·
