4167 6625
91 476 151 532 δῦ
636 479 812 538 (ΞΟΜΙΙΕΝΤ.
832 479 864 531 tlt
883 476 1006 534 stand.
1025 476 1202 536 seclusit.
1659 478 1711 537 328

93 601 205 663 rogum,
230 588 293 658 qnid
315 586 350 645 de
374 588 429 646 lrac
448 589 662 661 praesumptione
686 591 733 647 dui
761 588 991 651 reinmundum
1013 601 1096 663 potest
1109 593 1186 647 tomo
1210 593 1327 663 occipere
1344 593 1493 665 quimorem,
1516 595 1566 651 nisi
1587 595 1666 665 feerit
1689 597 1712 652 ei

134 676 274 744 ileomrdit
284 674 402 732 trenna
413 687 437 732 et
451 677 517 732 dixit
531 695 542 732 .·
557 677 705 749 Nonpotert
716 680 793 733 tomo
806 679 877 733 occi-
926 678 1019 733 dotem
1033 680 1066 732 de
1076 678 1159 744 coeio,
1175 679 1323 760 Quis
1333 681 1424 748 Patre,
1435 683 1482 754 qui
1494 684 1655 754 principium
1670 693 1712 740 est

92 763 310 835 modestam
325 766 348 830 ¹,
363 764 415 819 nisi
432 766 511 834 [cern
530 768 554 820 ei
573 767 663 821 dotum
686 767 719 822 dc
741 767 823 822 coelo.
848 767 877 822 ln
927 767 1048 823 omnium
1058 769 1206 832 bonorum:
1222 769 1342 834 ameide
1357 768 1549 842 Patrensium
1563 773 1650 842 primo
1664 787 1714 842 per

90 856 254 928 quimus
268 858 584 928 sodiciburssmocomm
596 861 713 932 tegitur:
727 864 778 917 nisi
798 861 877 932 suerit
927 853 1036 923 Filium,
1049 857 1082 913 de
1096 856 1172 927 enjrrs
1196 856 1360 927 plenitudine
1376 874 1426 914 nos
1443 839 1711 931 uiuimummmn.
1734 925 1737 932 ¹

90 946 118 1000 ei
139 946 230 1000 dmum
255 948 392 1003 emmor
419 950 545 1006 desasto,
567 951 706 1008 numium
735 954 877 1024 respondis
962 943 1018 1016 ipsi
1034 961 1078 1001 ooo
1101 945 1165 1000 milri
1191 947 1365 1003 testimoninm
1389 950 1537 1020 perhibetis.
1565 949 1623 1005 lloc
1646 952 1713 1007 milri

91 1049 189 1092 servos
209 1036 400 1093 aocusaomms
421 1037 563 1093 dominum
585 1055 674 1096 suum.
703 1040 762 1094 Noo
781 1049 876 1111 potest,
926 1033 1096 1092 solummodo
1112 1037 1139 1092 io
1159 1036 1256 1094 nestris
1268 1037 1357 1093 verbis
1372 1039 1505 1109 congruit,
1526 1040 1572 1110 qni
1595 1055 1649 1096 non
1669 1056 1714 1096 so·

91 1123 191 1193 inquit,
213 1125 290 1178 torno
303 1123 419 1196 occipere
430 1127 578 1197 quicquum.
595 1128 634 1184 Αο
648 1128 671 1184 si
685 1129 808 1184 dicerett
825 1128 877 1183 Pu·
926 1099 1172 1181 diffidemus
1185 1124 1214 1180 in
1239 1140 1299 1181 eum
1314 1127 1360 1196 oui
1375 1127 1449 1182 misit
1459 1143 1512 1194 me,
1523 1097 1713 1184 veruffilmm

92 1214 157 1268 tants
171 1228 216 1270 me
229 1213 361 1284 mojorem
377 1230 436 1272 mse
450 1213 775 1287 tpsn‚mjus·s·51·vps‘01
795 1233 876 1288 prae.
926 1212 1057 1283 baptisma
1072 1214 1157 1284 ipsius
1175 1215 1281 1271 irritum
1294 1217 1405 1288 putatis,
1420 1218 1492 1287 quod
1508 1191 1714 1275 morimund-

90 1318 189 1360 cursor
202 1320 279 1372 som;
295 1306 395 1362 erratis
407 1307 433 1362 in
447 1322 510 1362 eum
525 1323 579 1363 nuo
596 1309 747 1377 erodentes,
760 1318 790 1366 et
802 1310 877 1380 igno·
925 1303 1000 1358 nium
1034 1304 1180 1361 adhibetis.
1211 1305 1288 1371 Quod
1319 1305 1430 1360 dixerim
1457 1320 1467 1359 .·
1494 1306 1551 1377 Epo
1577 1323 1711 1363 nonnum

90 1402 194 1460 tantm,
206 1395 351 1465 quidsitet
362 1396 525 1463 underenit,
536 1406 562 1454 et
573 1398 876 1469 pnmrismeesseqnod
925 1390 1055 1459 Christus,
1069 1395 1115 1448 sed
1128 1394 1191 1463 orio
1211 1395 1307 1449 missua
1327 1410 1385 1449 snm
1407 1405 1468 1450 onte
1489 1396 1573 1450 iilum.
1594 1397 1714 1454 Audistis

90 1500 144 1540 non
158 1484 381 1541 somniantem
395 1486 500 1553 scintis,
511 1487 575 1557 qnid
589 1487 634 1543 1110
647 1487 693 1553 sir,
707 1495 736 1543 ρι
747 1489 812 1559 quid
825 1503 876 1558 ego
924 1493 958 1535 cx
983 1496 1028 1536 me
1050 1481 1117 1539 haec
1139 1483 1238 1548 rerlre,
1261 1483 1368 1553 quando
1383 1484 1417 1541 de
1440 1500 1472 1541 eo
1492 1487 1621 1558 loquebar
1643 1487 1713 1543 ultra

87 1590 160 1641 ιιι,
185 1575 278 1631 sumre
297 1589 387 1631 meum
409 1590 596 1647 responsum:
620 1577 682 1633 Nn„
705 1579 875 1646 ponentem
924 1566 1084 1636 iordauem;
1108 1571 1222 1627 audistis
1245 1573 1358 1642 utique,
1375 1575 1483 1643 qnando
1504 1575 1592 1632 dicitis
1608 1593 1615 1630 :
1634 1595 1644 1629 r
1662 1576 1716 1645 Qui

86 1666 366 1737 ueipereosicpsom.
380 1666 537 1724 llomosum
551 1676 579 1724 et
593 1683 646 1724 non
660 1667 742 1732 oens,
757 1666 875 1722 illorero
923 1667 984 1734 erat
1005 1665 1094 1715 tecum
1114 1669 1189 1716 tmos
1209 1636 1366 1728 dommum,
1387 1663 1430 1718 cui
1452 1665 1632 1720 testimonium
1651 1681 1715 1736 per·

85 1761 115 1807 m
129 1753 204 1808 pens
217 1763 261 1809 esu
275 1762 304 1809 et
316 1755 406 1812 homo.
427 1755 487 1827 lpse
498 1764 550 1821 esa,
567 1758 600 1812 ne
620 1771 674 1827 qun
692 1756 874 1811 tessimonium
923 1745 1034 1802 tribuisti
1056 1766 1066 1801 r
1078 1764 1086 1810 ς
1106 1749 1166 1804 etsi
1181 1750 1303 1812 audistis,
1323 1765 1407 1820 quaro
1428 1751 1521 1816 illum,
1536 1752 1570 1809 de
1589 1768 1643 1824 quo
1661 1754 1715 1809 tale

84 1843 216 1912 perhibui
237 1843 331 1898 dicens
345 1860 352 1897 ε
368 1861 378 1895 r
393 1845 431 1899 lle
451 1843 618 1915 plenitudine
637 1843 696 1914 ejus
713 1859 763 1899 nos
780 1857 874 1898 omnes
925 1835 1107 1892 testimonium
1128 1837 1273 1907 perhibui,
1298 1838 1332 1893 ad
1357 1854 1401 1894 me
1422 1840 1565 1907 accusatis,
1587 1842 1664 1912 qnasi
1686 1843 1715 1901 in

85 1931 246 2001 wotos
256 1950 281 1986 r.
301 1930 387 1988 llomo
408 1932 500 2003 itaque
514 1948 617 2000 sum;a
634 1948 677 1988 me
691 1932 758 1987 niluil
772 1932 874 2001 accepi,
891 1919 913 1976 Β
928 1926 1054 1998 iniuriam
1068 1941 1156 1982 meam
1179 1928 1277 1983 multus
1297 1928 1457 2001 baptizarit?
1470 1931 1551 1986 Dixi:
1567 1930 1625 1988 Non
1652 1949 1713 1990 sum

84 2020 135 2090 qui
159 2035 215 2075 ooo
242 2021 348 2085 habeo,
373 2007 481 2091 οοῖιΓο
505 2036 549 2078 οοο
573 2023 713 2093 accipiam.
741 2020 874 2091 Quicquid
924 2013 1066 2081 Christos,
1088 2015 1267 2086 sensnum
1292 2017 1388 2085 horno,
1412 2032 1465 2074 oon
1489 2033 1548 2075 sum
1575 2030 1672 2077 unctus
1698 2038 1716 2079 a

85 2111 195 2180 occepi,
204 2110 239 2165 ob
252 2126 286 2166 oo
295 2112 400 2182 accepi.
412 2111 440 2167 st
451 2112 566 2183 gratiam
577 2112 668 2184 accepi
678 2112 874 2184 praecursoris,
924 2105 1005 2162 Patre
1025 2106 1189 2176 plenitudiue
1206 2107 1326 2176 spiritus,
1350 2107 1396 2176 ilie
1410 2118 1500 2164 autem
1514 2119 1625 2178 nuctns;
1639 2120 1667 2166 et
1680 2113 1717 2167 de

86 2200 122 2254 sir
144 2215 180 2256 eo
201 2199 305 2270 accepi.
320 2199 506 2268 Existimatio,
521 2217 565 2257 me
584 2202 654 2257 ultra
677 2211 800 2258 naturam
815 2215 875 2256 esse
924 2192 1089 2266 plenitudine
1109 2193 1167 2265 ejus
1188 2195 1290 2266 accepi.
1313 2195 1444 2266 Sedqnia
1462 2198 1560 2254 missus
1576 2209 1716 2255 sumente

86 2285 249 2341 humanam.
265 2286 332 2355 Quia
353 2289 483 2355 audistis,
497 2289 569 2360 quod
591 2305 643 2345 non
665 2290 725 2345 sine
746 2289 876 2344 miraculo
925 2285 1010 2352 illum,
1026 2285 1125 2341 missus
1137 2300 1197 2342 sum
1214 2286 1241 2340 in
1257 2287 1384 2341 mundum
1401 2286 1491 2358 prins,
1503 2287 1638 2344 nascendo
1651 2298 1715 2346 ante

87 2374 198 2429 diuinae
212 2375 417 2433 virtutirnatus
439 2391 519 2444 sum,
544 2391 578 2433 cr
600 2378 876 2466 purentibnsfflpe
924 2374 1010 2430 illum.
1023 2375 1071 2432 llle
1085 2383 1148 2431 unte
1163 2374 1254 2430 omnia
1267 2374 1357 2431 secula
1378 2374 1448 2444 Deos
1461 2392 1522 2432 cum
1539 2376 1595 2433 lico
1616 2377 1713 2444 Putre,

87 2475 235 2535 provectae
249 2467 357 2533 aetatis,
373 2468 511 2538 commoti
522 2468 593 2525 ultra
615 2470 748 2524 hurnaoae
763 2478 876 2524 naturae
924 2482 974 2540 ego
988 2468 1068 2523 homo
1085 2468 1113 2522 in
1127 2466 1180 2523 ilne
1194 2465 1277 2522 seculi
1296 2466 1396 2524 missus
1421 2468 1448 2523 in
1460 2481 1551 2534 carne,
1569 2475 1714 2539 antequam

89 2558 316 2614 masuetudinem
333 2567 413 2614 natus
427 2574 499 2624 sum,
513 2568 624 2631 propter
639 2560 692 2615 lroc
705 2560 817 2630 putatis,
833 2572 876 2613 me
925 2557 971 2614 iiie
989 2567 1146 2613 nasceretur
1160 2556 1187 2611 in
1201 2570 1293 2612 carne.

88 2644 161 2699 utra
170 2645 312 2700 homiuem
322 2659 393 2702 esse.
404 2645 462 2701 Non
473 2647 524 2713 ita,
535 2647 616 2703 lromo
625 2647 792 2704 solummodo
803 2661 873 2704 sum.
960 2645 1013 2713 Qui
1025 2646 1102 2701 trudet
1113 2662 1246 2716 sponsum,
1259 2662 1370 2717 sponsor
1382 2656 1430 2702 ert.
1444 2644 1545 2703 iidem
1556 2661 1716 2718 praecursor

89 2734 119 2790 st
133 2734 330 2805 cognovissetis
339 2735 403 2806 quid
419 2750 491 2803 sum,
511 2751 564 2793 nou
578 2736 736 2792 exaltaretis
748 2750 790 2791 me
805 2735 875 2791 ultra
924 2735 1104 2808 cogitationes
1113 2750 1224 2792 suorum
1236 2735 1439 2804 discipulorum,
1453 2735 1501 2804 qui
1516 2734 1578 2790 talia
1590 2735 1624 2790 de
1635 2734 1714 2791 Chri·

89 2826 117 2882 id
129 2826 204 2896 quod
216 2840 292 2890 snm;
305 2834 335 2881 et
358 2825 382 2881 ei
396 2826 596 2898 cognosceretis
605 2826 669 2897 quid
681 2825 788 2892 illoest,
802 2824 876 2881 nullo
925 2836 969 2883 sto
988 2825 1099 2895 ejusque
1119 2824 1280 2894 baptismate
1306 2823 1500 2894 proterebant,
1522 2834 1551 2882 et
1570 2824 1716 2880 audiebant

89 2915 171 2971 nodo
184 2914 382 2986 compararetis
404 2930 448 2970 me
468 2914 518 2970 illi.
535 2914 622 2970 llomo
643 2914 717 2970 enim
739 2929 816 2981 sum,
831 2913 876 2969 ille
924 2917 967 2972 sui
981 2915 1102 2988 magistri
1122 2930 1281 2986 responsum
1295 2915 1329 2970 de
1346 2929 1376 2970 se
1395 2915 1454 2985 ipso
1472 2924 1501 2970 et
1512 2915 1548 2980 dp.
1558 2930 1607 2971 suo
1625 2915 1715 2984 bapti·

90 3003 429 3074 Beosrquioquidaccepi,
441 3003 476 3059 ab
486 3002 532 3058 illo
541 3002 643 3073 accepi.
655 3001 876 3073 sapientissimus
922 3015 1022 3069 smate,
1045 3006 1186 3062 diceosar
1208 3005 1266 3062 Non
1279 3014 1368 3076 potest
1389 3007 1470 3061 homo
1492 3005 1614 3075 accipere
1637 3006 1715 3076 quic·

89 3107 254 3164 pnecursor
265 3091 369 3148 Christi
390 3102 514 3162 segregat
527 3092 554 3147 in
569 3106 599 3147 se
620 3093 679 3163 ipso
701 3099 827 3145 naturam
848 3098 876 3146 et
923 3110 1004 3166 qnam
1019 3113 1043 3160 r,
1054 3094 1240 3150 humiliausse
1259 3093 1358 3164 ipsum,
1372 3094 1558 3164 veraciterque
1571 3094 1605 3149 de
1617 3108 1647 3149 se
1657 3093 1716 3164 ipso

90 3181 218 3252 gratiam,
231 3181 284 3237 sibi
299 3181 461 3246 attribuens,
475 3182 547 3252 quod
569 3183 662 3248 homo,
683 3186 734 3237 troc
750 3181 875 3251 estquod
924 3185 1113 3255 pronuntians,
1134 3184 1205 3254 quod
1226 3191 1349 3239 temerius
1373 3183 1455 3240 humo
1476 3183 1522 3249 sit,
1540 3192 1568 3239 ct
1590 3183 1718 3241 uolebosrt

90 3273 230 3341 mortalis,
252 3273 324 3346 quod
347 3280 487 3347 porcator,
501 3272 573 3345 quod
598 3271 744 3344 exprimo
767 3254 910 3327 nomineC
927 3271 1161 3345 interrogarezsi
1179 3272 1261 3329 homo
1285 3286 1315 3329 es
1337 3271 1516 3339 solummodo,
1539 3281 1568 3329 et
1586 3272 1716 3343 majorem

91 3374 203 3421 terreno
217 3372 342 3421 terrenm
357 3363 447 3421 iactus
460 3364 510 3431 sit,
526 3373 555 3420 et
571 3373 673 3427 cetera,
689 3378 759 3434 quae
777 3364 810 3418 de
824 3363 874 3417 im·
927 3372 1089 3435 potestatem
1101 3371 1130 3419 et
1142 3363 1256 3434 gretiam
1274 3371 1332 3418 ate
1346 3363 1405 3434 ipso
1425 3379 1479 3419 noo
1502 3362 1596 3430 hales,
1609 3372 1718 3435 praeter

91 3470 188 3511 mame
199 3463 315 3511 naturae
329 3454 486 3510 indemitate
498 3461 526 3509 et
546 3461 656 3524 peccato
674 3460 701 3509 et
716 3466 802 3522 poena
813 3466 876 3521 pcc·
927 3456 1000 3527 quod
1013 3456 1048 3511 au
1065 3469 1099 3511 eo
1118 3454 1255 3525 accepisti,
1278 3453 1324 3524 oui
1340 3469 1412 3510 nunc
1429 3454 1549 3526 baptizat
1563 3456 1590 3510 io
1604 3453 1717 3521 iudaea,

91 3546 144 3600 cati
161 3545 188 3598 io
207 3559 239 3599 se
253 3545 321 3614 ipso,
331 3543 483 3614 ceterisque
503 3542 658 3600 lrominttrus
677 3542 876 3608 considerabat,
927 3556 957 3602 et
970 3553 999 3600 tu
1012 3545 1091 3610 dicis,
1103 3543 1168 3614 quia
1187 3543 1285 3599 romeus
1303 3551 1422 3599 estante
1436 3542 1522 3611 iilum,
1535 3543 1589 3608 dic,
1602 3558 1718 3615 quaesu-

91 3632 208 3702 pmtisin
217 3646 340 3687 seorsum
351 3646 566 3702 segregansase,
577 3646 659 3701 quam
672 3639 812 3700 acceperat
823 3646 877 3688 noo
929 3647 999 3699 mus,
1014 3631 1122 3701 quides
1143 3639 1252 3702 practer
1271 3630 1418 3699 homiuem,
1438 3639 1486 3686 aut
1510 3631 1663 3702 quantus¹,
1691 3641 1720 3687 ot

89 3737 125 3777 es
148 3722 386 3787 meritis,sede1
409 3721 570 3778 aosodmm
592 3721 766 3792 plenitudinis
782 3722 876 3793 ipsius,
928 3719 993 3791 quid
1007 3719 1291 3794 grutiaoaocepistids
1304 3718 1394 3786 cacio;
1408 3719 1560 3789 respondit:
1575 3720 1719 3786 Qoiioiet

91 3814 414 3882 euriospraecursorcrat.
424 3812 483 3869 ouo
493 3813 697 3868 considerantur
708 3813 734 3868 in
746 3813 856 3869 homine
869 3831 876 3867 :
928 3828 1051 3882 sponomr
1062 3827 1172 3882 sponsor
1183 3819 1231 3865 est.
1247 3808 1299 3877 Qui
1313 3808 1578 3881 pmptcrEeclesiam
1591 3810 1674 3875 uenit,
1689 3818 1720 3864 ut

91 3904 188 3959 mum
199 3902 326 3959 videlieet
338 3913 365 3957 et
377 3902 487 3959 donum.
503 3901 600 3957 Datum
615 3902 732 3957 retertur
744 3902 778 3957 ad
800 3911 879 3958 natu·
929 3903 1043 3958 lrelteret
1055 3917 1179 3971 sponsam
1188 3901 1272 3965 venit,
1283 3916 1364 3971 quam
1374 3915 1446 3956 nuuc
1459 3899 1552 3970 incipit
1562 3897 1718 3956 exiudaioo

91 4009 163 4057 ram,
179 3974 587 4061 do'mffis'reierturadgratiom.
600 3989 878 4059 thuamrisnultnm
928 3992 1027 4063 populo
1045 4006 1156 4058 vocare,
1180 3990 1279 4047 multos
1297 3989 1462 4047 iudaeorum
1484 3990 1634 4061 baptizans.
1660 3990 1721 4062 ipso

92 4085 192 4140 horon
214 4083 321 4139 sitnisi
342 4097 376 4137 ex
399 4081 471 4148 lieo,
495 4082 566 4137 sicut
587 4082 627 4135 ait
648 4080 814 4151 Apostolus:
833 4080 879 4136 «0
929 4097 1044 4154 sponsus
1056 4090 1107 4139 est.
1122 4082 1179 4154 Epo
1195 4091 1303 4150 autem,
1316 4090 1346 4140 ut
1357 4081 1529 4150 existimatis,
1540 4097 1628 4154 oeque
1638 4098 1720 4154 spon·

94 4175 188 4240 Ιιοιοο,
201 4173 362 4244 quidtrabes
376 4172 513 4242 qoodnoo
526 4170 879 4239 accepistiitsolettameo
929 4186 978 4229 eus
998 4187 1069 4240 sum,
1093 4186 1181 4242 neque
1204 4186 1331 4243 sponsam
1357 4173 1462 4237 liabeo,
1486 4174 1533 4230 sed
1555 4173 1582 4229 in
1606 4188 1720 4229 uunmro

93 4262 236 4332 Scriptura
249 4260 342 4314 datum
365 4267 479 4313 naturae
491 4257 568 4327 quasi
583 4257 634 4327 ipsi
648 4256 763 4322 lromini,
778 4256 879 4311 donum
929 4277 1045 4333 sponsae
1059 4277 1102 4318 mc
1116 4262 1202 4333 ipsum
1219 4272 1355 4333 computo.
1369 4263 1405 4322 tn
1424 4264 1517 4320 sciatis
1538 4272 1639 4330 summ,
1653 4264 1719 4333 quid
1837 4272 1844 4281 '

94 4367 162 4407 reru
181 4351 247 4406 nulli
270 4349 322 4405 uisi
338 4350 393 4405 lieo
408 4347 575 4403 adscribere.
589 4346 631 4401 tu
643 4347 696 4402 ltoe
712 4347 785 4401 enim
807 4346 881 4401 dedit
930 4366 1002 4415 sum,
1019 4358 1048 4407 et
1068 4350 1175 4421 qualem
1190 4351 1306 4422 gratiam
1320 4353 1406 4408 tabeo
1420 4352 1454 4406 alr
1477 4351 1523 4408 illo
1545 4365 1654 4420 sponso,
1671 4350 1719 4420 otri

94 4441 170 4497 psus
181 4449 316 4506 mirram,
334 4447 364 4494 ut
379 4453 439 4493 eam
459 4446 568 4492 ornaret
580 4451 629 4506 per
643 4436 817 4511 pratiamdt
828 4437 881 4492 noc
931 4442 1013 4498 habet
1026 4455 1171 4512 sponsam,
1185 4440 1276 4496 rodite
1292 4457 1299 4494 :
1319 4440 1426 4495 Amicos
1438 4450 1526 4496 aetem
1539 4442 1638 4511 sponsi.
1659 4438 1718 4497 lton

94 4539 143 4586 est
245 4529 305 4583 ait:
322 4528 385 4583 Non
406 4535 491 4597 potest
510 4528 603 4589 torro,
626 4527 679 4581 lucc
699 4535 742 4582 est
761 4516 879 4583 irum'ana
893 4546 990 4636 1>sum
1013 4545 1138 4601 sponsus,
1159 4529 1207 4586 sed
1231 4544 1355 4600 magnam
1369 4531 1483 4599 gratiam
1503 4533 1594 4602 sponsi
1620 4532 1717 4595 iralrco.

97 4635 131 4674 oa
225 4616 490 4688 mmmepmcqsom
504 4614 622 4686 gratiae,
636 4615 688 4669 niti
701 4614 780 4685 [serit
793 4617 818 4671 ei
831 4616 879 4671 ta·
933 4619 1038 4675 amicus
1048 4617 1106 4688 eius
1116 4633 1186 4674 sum.
1203 4618 1254 4684 Qut
1265 4627 1355 4674 stotet
1370 4620 1444 4673 ondit
1458 4634 1530 4687 eum,
1541 4621 1638 4691 predio
1650 4636 1718 4690 pn«-

96 4721 153 4765 tea
164 4710 197 4764 de
207 4708 395 4762 cremnorum
407 4706 434 4761 in
445 4707 497 4761 hoc
509 4705 569 4761 loco
581 4719 631 4777 pro
651 4696 750 4762 donum
762 4706 882 4765 ioannes
933 4709 986 4764 det.
997 4707 1055 4780 Ego
1067 4706 1169 4763 amicus
1188 4707 1280 4778 spousi
1294 4722 1365 4774 sum,
1380 4715 1410 4764 ct
1420 4716 1462 4764 sto
1484 4708 1510 4762 in
1530 4708 1588 4776 eius
1612 4710 1717 4779 pratia:

96 4797 209 4870 posuit,
223 4795 293 4865 qest
306 4793 463 4864 saepissime
485 4793 621 4847 iuvenitur
643 4793 670 4849 io
693 4795 784 4851 divina
809 4795 883 4852 Scri·
934 4795 961 4851 in
971 4793 1030 4865 ejus
1041 4793 1161 4849 amicitia
1174 4808 1333 4866 permoneo;
1347 4811 1400 4853 nou
1414 4797 1496 4862 codo;
1512 4797 1558 4853 ille
1568 4812 1613 4854 me
1626 4807 1719 4854 custo·

95 4898 189 4962 uara.
212 4889 310 4944 ilatum
330 4887 401 4941 euim
420 4899 469 4956 pro
481 4885 562 4951 dono,
577 4894 606 4941 et
624 4885 724 4942 donum
747 4903 797 4957 pro
818 4888 882 4944 dato
933 4884 1142 4950 dit,oecadam;
1157 4883 1720 4958 itemittdonanoetgmoammomdese
1767 4918 1774 4929 ·

96 4988 191 5053 potest
202 4978 295 5048 accipi.
309 4978 349 5033 lta
362 4976 434 5032 euim
448 4974 541 5044 juncta
555 4976 620 5031 data
639 4985 751 5033 naturae
763 4985 792 5032 et
811 4978 880 5033 dona
933 4988 1008 5039 mm,
1018 4973 1403 5043 sedsemperstemetaudiam
1413 4991 1486 5042 eum,
1501 4978 1608 5034 audiam
1619 4978 1719 5035 doctri·

96 5067 216 5141 grathe,
225 5077 256 5122 ot
265 5065 454 5136 inseparabilia
465 5065 523 5121 lieri
532 5065 683 5119 uideantur.
695 5063 882 5148 liuilnmrjppe
937 5081 999 5122 nam
1013 5066 1081 5135 eius,
1091 5082 1143 5123 noo
1154 5066 1497 5126 extrinsecussoiummodo
1512 5071 1720 5142 aureoorporis,

97 5168 200 5215 natura
224 5166 266 5212 est
287 5155 434 5223 rationalis,
458 5168 528 5227 quae
552 5154 661 5210 omuino
682 5155 755 5212 dono
777 5158 881 5228 proriae
932 5158 1365 5216 remmetiamimriosecusaure
1379 5161 1721 5232 cordis,etplusinninse-

98 5255 203 5306 erest.
218 5246 282 5302 Iilsi
296 5246 373 5315 [urit
390 5247 479 5300 dotem
495 5246 528 5300 de
545 5245 628 5300 coeto.
650 5246 687 5303 [ie
707 5261 761 5316 quo
786 5250 882 5305 caelol
933 5262 983 5303 ous
993 5262 1076 5317 quam
1097 5247 1275 5304 extrinsecus.
1291 5249 1348 5306 Vox
1371 5251 1431 5322 ejus
1451 5251 1630 5307 testimonium
1648 5248 1716 5317 eius,

99 5339 142 5395 tte
156 5337 236 5392 Putre
252 5335 387 5412 ψεῖ-ίῳ.
399 5334 468 5394 dudi
481 5334 611 5390 iacobum
626 5336 776 5405 apostolum
791 5338 883 5395 dicen·
935 5335 1121 5407 oooperlrilret
1133 5335 1271 5393 sedilium
1282 5337 1330 5394 liei
1342 5347 1371 5394 et
1382 5350 1510 5411 sponsum
1524 5340 1673 5404 Ecclesiam
1692 5348 1721 5395 ot

98 5439 176 5486 ten:
192 5447 202 5481 r
216 5427 304 5483 omos
319 5425 411 5480 datum
428 5425 559 5494 optimum
572 5434 693 5480 etomoe
707 5427 806 5482 donum
819 5443 883 5497 per·
935 5423 999 5499 quio
1020 5426 1102 5480 audio
1126 5426 1238 5481 verbum
1271 5428 1351 5497 ejus,
1376 5432 1481 5500 paudco
1505 5439 1609 5501 propter
1630 5445 1718 5484 noceor

98 5519 201 5574 mmmm
213 5517 355 5572 donnum
364 5512 589 5577 condescendens
599 5527 614 5567 a
626 5511 708 5568 Patre
717 5513 847 5571 luminum
859 5536 882 5574 r.
935 5517 1031 5584 spousi.
1047 5514 1085 5569 lle
1094 5529 1123 5570 se
1137 5515 1194 5585 ipso
1204 5528 1280 5597 hergo
1300 5517 1404 5587 prolem
1433 5518 1551 5575 loannes
1571 5517 1643 5586 qood
1657 5516 1696 5569 ait
1710 5534 1717 5569 :

97 5605 205 5673 Quibus
216 5604 306 5660 rerbis
317 5601 428 5657 omniuo
439 5600 579 5671 congruit,
593 5602 664 5670 quod
685 5599 802 5659 ioarmes
824 5607 881 5663 ait:
936 5608 1043 5662 Amicos
1057 5615 1141 5660 notem
1154 5606 1252 5673 sponsi,
1266 5609 1311 5677 orti
1332 5619 1383 5663 etot
1398 5619 1422 5663 ct
1435 5608 1509 5663 ondit
1530 5621 1600 5673 eum,
1623 5604 1719 5678 pondi„

737 5710 864 5767 tttttttt
883 5712 1081 5771 tscrtonss.

139 5811 227 5868 'ord
241 5807 379 5874 mironem
390 5803 515 5870 occipere.
551 5803 562 5833 ¹
580 5801 668 5866 Corn,
684 5804 743 5859 cod.
757 5805 887 5872 paonties.
