4167 6625
128 205 193 268 293

616 210 733 276 nonu.
753 215 787 272 tu
804 166 952 272 annuos.
972 216 1101 276 avane.
1122 218 1196 278 ssu.
1211 219 1311 278 totu.

1717 222 1771 280 ibi

128 323 184 398 qui
199 324 234 382 de
247 323 365 382 occultis'
372 334 485 380 naturae
498 325 601 383 sinibus
613 328 641 387 in
655 329 727 390 lruuc
741 336 870 389 mundum
882 351 931 406 per
945 338 968 397 A
984 338 1322 398 nomimme.irestamen
1334 339 1451 398 mundos
1463 338 1593 401 debemur
1607 341 1772 417 intelligeret

127 417 342 490 generationem
367 416 433 472 locis
462 419 684 495 tetrtporibnsque
703 427 835 490 rcniuut,
854 443 932 482 acce·

129 508 226 583 peris,
246 508 331 580 qualis
350 508 514 569 illurnittttiu
527 525 569 570 cst
583 516 610 572 in
623 517 675 573 luae
688 519 744 574 vita
757 520 932 575 nascentibus

130 611 168 658 nt
183 602 351 662 moriantur,
373 607 561 662 crescentibus
576 616 604 662 ιιι
615 617 843 680 nrrmmpantur,
858 623 931 665 coru·

128 693 236 764 posius
249 699 280 752 ut
293 696 447 763 solvantur,
463 698 497 752 de
516 698 673 768 quietudine
694 700 800 756 silentis
818 710 931 758 naturae

126 783 159 840 in
181 783 401 857 inquietudinem
413 786 601 842 tumultuantis
611 789 737 844 miseriae
753 790 930 848 cadentibus?

127 877 201 940 llic,
212 892 317 947 quaeso
342 876 431 946 qualis
443 877 489 933 lux
504 889 563 932 erat
579 879 728 949 spiritualis
750 890 779 935 et
792 895 854 935 vera
867 897 931 951 pro,-

128 984 200 1028 crea
224 985 275 1024 stn
288 968 345 1026 rita
358 970 514 1025 transitoria
527 979 553 1026 et
563 969 649 1046 laba?
659 973 796 1059 ,anquid
814 977 930 1032 mundus

130 1060 191 1117 istc
217 1059 370 1116 alienatna
393 1074 457 1115 reru
481 1061 585 1118 lumine
609 1066 772 1120 corrueniens
796 1065 930 1122 habitatio

132 1151 351 1236 estlerqpid
368 1152 444 1221 regio
458 1153 571 1208 umbrae
585 1155 693 1220 rnortis,
708 1165 736 1211 et
748 1155 929 1228 lacrymarum

134 1242 234 1306 raus,
248 1251 276 1295 et
289 1240 460 1312 ignorantiae
483 1241 663 1313 prolutnlum,
678 1254 705 1300 et
720 1254 829 1301 terrena
851 1247 929 1302 habi-

128 1334 213 1398 latio,
229 1334 378 1408 inmunem
399 1335 521 1390 animum
540 1351 710 1406 aggravans,
726 1347 801 1394 etex
817 1340 873 1394 reri
888 1339 929 1395 lu-

126 1425 216 1482 minis
230 1425 353 1481 contuitu
376 1425 520 1480 interiores
532 1426 626 1482 oculos
646 1427 793 1496 elimitans,
807 1446 860 1485 non
877 1430 928 1484 im-

126 1520 235 1576 merito
251 1520 369 1575 dicitur?
392 1519 540 1598 quergq
561 1523 594 1577 de
617 1523 660 1586 iis,
690 1524 736 1595 qui
760 1525 794 1580 de
811 1524 927 1582 occultis

984 428 1106 497 Quorum
1117 431 1222 502 primus
1233 440 1287 498 est,
1301 432 1349 503 qui
1360 431 1485 491 absolute
1500 435 1566 503 solis
1591 435 1770 506 invisibilibus

982 531 1010 577 et
1032 521 1221 592 spiritualibus
1242 524 1372 580 uirtutum
1389 523 1518 597 impletur
1539 527 1718 603 substantiis;
1742 528 1770 588 io

982 626 1063 684 quern
1077 613 1230 684 quicunque
1244 613 1359 679 uenerit,
1373 613 1482 684 plenam
1502 631 1584 674 verae
1596 615 1667 673 lucis
1679 616 1770 688 possi·

982 699 1028 755 det
1040 701 1285 773 participationem.
1308 701 1462 772 Secundus,
1478 704 1525 776 qui
1541 705 1664 776 praelata
1687 720 1772 778 oppo-

982 790 1054 845 nitur
1069 807 1085 847 e
1100 792 1216 858 diverso,
1242 794 1369 866 quoniam
1386 795 1510 864 altsnlutc
1530 811 1563 854 er
1590 796 1771 856 invisibilibus

981 888 1009 936 et
1040 882 1227 952 corporalibus
1255 884 1428 941 constituitur
1450 887 1563 943 naturis.
1588 886 1622 944 tu
1644 889 1769 960 quamvis

981 971 1167 1046 uniuersitatis
1178 973 1297 1030 inlimam
1314 976 1431 1030 obtineat
1447 977 1662 1046 proportionem,
1684 978 1714 1035 in
1734 992 1770 1037 eo

981 1071 1071 1119 tanuen
1086 1073 1145 1119 erat
1160 1064 1290 1131 Verbum,
1309 1075 1338 1120 et
1356 1081 1403 1136 pcr
1424 1055 1551 1122 Verbum
1564 1066 1652 1123 iactus
1669 1076 1726 1136 est,
1740 1069 1770 1127 ei

980 1166 1022 1213 est
1041 1158 1145 1228 primus
1164 1158 1264 1230 gradus
1279 1159 1312 1214 atl
1333 1159 1653 1228 erignitionemqueritatis
1673 1176 1771 1218 ascen»

980 1247 1046 1301 dere
1064 1261 1112 1317 pcr
1133 1263 1230 1303 sensus
1249 1246 1414 1313 volentibns3
1442 1250 1547 1320 specics
1563 1265 1680 1320 namque
1704 1247 1770 1307 risiss

979 1337 1074 1392 bilium
1098 1338 1131 1392 ad
1158 1339 1339 1410 coguitionem
1364 1338 1537 1393 invisibilium
1558 1321 1767 1397 Manen

979 1428 1092 1484 attrabit
1107 1429 1236 1484 animum.
1253 1429 1360 1485 Tertius
1373 1430 1488 1485 mundus
1509 1441 1561 1498 cst,
1573 1431 1618 1503 qrti
1633 1431 1767 1488 rationem

979 1519 1134 1574 medietatis
1155 1517 1247 1585 ltabet,
1271 1530 1299 1575 et
1320 1520 1487 1592 superiorein
1501 1521 1673 1594 spiritalium,
1685 1530 1713 1579 et
1726 1507 1769 1580 inss

125 1609 269 1665 muttum
287 1610 376 1666 musis
390 1610 417 1665 in
429 1610 534 1682 species
545 1626 691 1684 mrporeas
702 1616 862 1685 procedunt,
880 1616 927 1671 dea
978 1606 1106 1664 seriorem
1115 1609 1294 1681 corporalium
1305 1609 1331 1665 in
1343 1628 1372 1666 se
1387 1609 1444 1681 ipss
1455 1611 1573 1684 copulat,
1582 1621 1609 1669 et
1620 1614 1653 1669 de
1662 1613 1768 1672 duobus

125 1695 229 1754 bemus
242 1698 395 1771 intelligere
411 1716 418 1754 :
434 1717 502 1772 quae
525 1701 657 1758 illuminat
673 1720 774 1759 omnem
796 1706 926 1764 tromineur
942 1691 1062 1763 Burrum
1082 1700 1158 1768 lacit,
1173 1711 1201 1756 et
1215 1702 1241 1756 iu
1257 1702 1366 1758 lrouune
1385 1702 1444 1760 solo
1465 1703 1642 1777 intelligitur,
1663 1703 1691 1759 in
1712 1719 1767 1776 quo

126 1788 274 1845 κιιίειιιιικ
290 1790 319 1844 in
333 1792 461 1845 mundant
474 1832 482 1857 ,
497 1790 545 1847 sed
567 1793 601 1847 dc
620 1793 668 1858 iis,
683 1794 729 1863 qui
749 1795 928 1863 spiritualiter
978 1793 1068 1846 omisis
1089 1801 1215 1847 creatura
1237 1792 1382 1848 adunatur.
1405 1792 1523 1864 Corpore
1535 1796 1609 1850 euim
1621 1804 1728 1852 constat
1740 1804 1768 1852 et

123 1894 181 1953 per
192 1881 399 1952 generationem
412 1887 527 1953 gratiae,
543 1898 613 1952 quae
624 1884 740 1940 daturin
752 1886 925 1955 baptismate,
977 1885 1079 1940 anima.
1101 1883 1205 1954 Corpus
1227 1885 1260 1942 de
1283 1886 1336 1939 boc
1362 1887 1471 1950 mundo,
1491 1885 1609 1941 animam
1626 1887 1659 1941 de
1681 1885 1768 1943 altero

124 1969 157 2027 in
185 1973 316 2028 mundum
342 1972 454 2027 ueniunt
479 1972 721 2044 inuisibileru,qui
743 1976 925 2043 nativitatem,
977 1980 1078 2034 mnrtdo
1103 1978 1243 2049 colligens,
1269 1995 1351 2032 unum
1374 1979 1439 2033 lacit
1462 1989 1599 2035 ornatum.
1619 1980 1653 2035 Et
1667 1993 1767 2052 corpus

123 2077 199 2136 qnae
211 2064 364 2120 secuudum
381 2065 558 2134 corruptibile
571 2080 670 2136 corpus
685 2076 737 2133 cst,
756 2078 924 2138 spernentes,
977 2070 1086 2144 quidem
1106 2085 1213 2124 orrnreur
1231 2085 1402 2140 corpoream,
1418 2071 1508 2125 anima
1524 2086 1589 2127 reru
1602 2085 1710 2128 omnem
1724 2072 1766 2127 in-

125 2155 313 2220 paucitatem,
328 2170 398 2227 quae
417 2164 459 2211 est
482 2156 630 2210 secuudum
656 2156 794 2228 spiritum,
811 2157 924 2228 eligunt,
973 2149 1133 2229 respo-icam
1147 2157 1268 2229 possidet
1280 2168 1414 2212 staturam.
1427 2149 1587 2226 Quaed'tiin
1607 2162 1766 2232 compagine

124 2248 262 2304 mundum
276 2247 322 2320 qui
339 2247 467 2302 deorsum
483 2256 525 2301 cst
539 2247 732 2311 calcantes,et
746 2248 773 2303 in
795 2247 925 2308 mnndum
976 2265 1030 2304 una
1053 2248 1260 2321 conglobantur,
1276 2262 1356 2303 omne
1370 2248 1534 2304 mundanum
1550 2247 1668 2304 bominis
1683 2249 1793 2305 oortll·¹
1871 2273 1885 2292 ·

123 2340 177 2413 qni
191 2341 339 2395 desursum
351 2349 394 2393 est
407 2339 604 2404 ascettdcntcs,
630 2340 740 2394 umbras
758 2341 926 2409 ignorantiae
976 2340 1054 2397 ciunt
1075 2348 1276 2394 ornarucutum.
1302 2337 1515 2424 Quone
1535 2338 1635 2393 dicitur
1655 2338 1764 2405 omnis;

125 2439 157 2488 et
172 2431 270 2488 mortis
284 2431 461 2495 deserentes,
486 2429 573 2485 lucent
591 2431 741 2501 sapientiae
755 2439 782 2487 ct
795 2432 866 2487 ritae
879 2449 927 2503 ap-
976 2432 1065 2488 ornnis
1089 2445 1206 2501 inanique
1230 2439 1356 2486 creatura
1376 2445 1402 2484 ιιι
1430 2430 1487 2500 ipso
1510 2428 1583 2484 rclut
1604 2429 1631 2484 ln
1658 2428 1766 2485 cilicina

122 2531 274 2596 perenm,
297 2522 343 2576 tilii
369 2522 510 2578 bominum
535 2537 595 2578 csse
615 2523 784 2588 desinentes,
807 2525 854 2579 lilii
878 2527 926 2582 Dei
976 2513 1257 2598 qnarlairsc'oiiunr.
1278 2522 1390 2600 ΜΨ
1406 2524 1464 2594 ipse
1478 2522 1607 2578 bantinus
1626 2524 1767 2593 praedica·

126 2615 195 2673 lieri
213 2617 380 2680 inchoantes,
394 2617 526 2671 nntudum
544 2616 672 2671 uitiorum
685 2626 876 2687 postponentes
898 2627 926 2675 et
977 2619 1046 2673 turis
1059 2617 1198 2690 discipulis
1213 2616 1373 2688 praecepit:
1394 2636 1403 2667 ι
1420 2615 1767 2688 Praedicatcljrangelium

126 2719 162 2761 ιιι
176 2707 334 2776 semetipsis
347 2708 538 2771 destruentes,
561 2707 693 2764 muudum
709 2707 840 2762 uirtutum
862 2718 926 2784 ante
976 2710 1050 2766 urrini
1065 2719 1206 2765 creaturae
1221 2729 1245 2762 ι.
1258 2707 1310 2762 lstc
1322 2708 1404 2775 igitur
1416 2707 1541 2772 mundns,
1557 2706 1663 2795 buces
1673 2709 1765 2774 bomo,

127 2797 227 2854 scnloe
242 2797 342 2854 ruentis
355 2798 562 2861 consumentes,
578 2806 606 2852 ct
620 2797 647 2852 in
661 2812 723 2852 eum
745 2799 808 2854 totis
825 2800 926 2856 uiribus
976 2799 1135 2854 Creatorem
1152 2815 1231 2852 suum
1250 2815 1304 2854 nou
1318 2779 1479 2869 sumite
1505 2813 1593 2868 neque
1618 2814 1668 2870 per
1698 2798 1767 2864 legis

127 2893 282 2948 uoendere
301 2891 448 2946 inhiantes.
466 2891 519 2947 Eas
534 2891 701 2961 itaqueuera
718 2889 763 2945 lux
778 2891 923 2958 illuminat,
975 2889 1094 2959 scriptae
1116 2887 1249 2960 symbola,
1274 2904 1362 2960 neque
1375 2905 1423 2958 per
1438 2888 1703 2944 risibiliscrcaturae
1713 2905 1765 2960 pa-

129 2981 180 3054 qni
198 2980 374 3037 inmundum
399 2961 667 3047 rirtntunsienitint,
685 2996 738 3036 uou
756 2997 814 3048 eos,
835 2983 923 3052 quiin
975 2980 1125 3052 radigmata
1142 2981 1227 3042 ileum
1241 2996 1319 3036 suum
1333 2980 1601 3051 uoluitcoguoscere,
1614 2982 1764 3037 carnalium

129 3072 263 3129 mundum
280 3073 408 3132 uitiorum
419 3079 522 3126 ruunt.

165 3164 201 3221 ln
215 3167 313 3219 mundo
328 3173 395 3218 erut.
410 3164 438 3218 lu
453 3163 504 3220 boc
516 3163 577 3220 loco
591 3163 720 3218 muudum
740 3160 920 3234 appellat-upa

127 3258 219 3343 spioni
232 3256 396 3330 generaliter
408 3255 541 3313 risibilem
552 3264 717 3319 creaturam,
731 3253 921 3336 thtiarp

127 3334 286 3420 rpe‘cirrliter
307 3346 447 3401 rationalis
469 3356 590 3410 naturae,
616 3360 686 3416 quae
704 3344 729 3399 in
745 3344 854 3399 liorrtinc
868 3352 921 3414 cst,

126 3441 322 3501 redeuntium.
341 3438 372 3495 in
391 3439 435 3494 bis
437 3438 589 3525 Q
609 3437 745 3502 omnibus,
764 3445 802 3497 et.
816 3443 846 3491 ιιι
857 3436 921 3491 sitn-

126 3532 239 3605 pliciter
251 3531 352 3591 dicarn,
371 3531 398 3585 in
418 3529 594 3584 universitate
620 3528 730 3583 condita
741 3524 860 3587 Verbum
875 3527 921 3590 lux

130 3636 199 3680 reru
211 3631 279 3676 erat.
296 3621 368 3676 ldetn
380 3620 513 3685 subsistit,
527 3629 554 3681 et
564 3635 673 3699 semper
690 3629 759 3685 crat,
779 3620 841 3690 quia
854 3636 923 3675 nrrn·

128 3728 215 3787 quant
229 3714 256 3767 in
269 3713 398 3769 omuibus
412 3711 561 3769 subsistere
576 3712 692 3771 desistit.
716 3711 751 3769 Ut
769 3712 853 3777 eninr,
875 3712 922 3783 qui

129 3807 260 3878 loquitur,
274 3807 336 3860 dum
351 3804 481 3874 loquitur,
492 3803 591 3861 desiuit
603 3818 657 3865 ror
670 3801 728 3873 ejus
738 3818 811 3869 esse,
824 3803 924 3859 desiuit

128 3898 332 3957 aereumcit:
348 3897 389 3951 sic
412 3894 537 3951 caelestis
561 3894 641 3951 Pater
661 3895 685 3951 si
703 3897 822 3954 Verbum
843 3911 922 3951 suurn

132 3990 207 4059 loqui
222 3988 347 4051 cessarit,
368 3984 481 4063 effectus
496 3986 589 4053 Verbi,
600 3987 738 4069 ιρι-ρει,
761 3987 924 4042 universitas

131 4082 241 4139 condita
264 4097 318 4136 non
334 4078 496 4135 substiterit.
514 4076 704 4134 Universitatis
719 4094 780 4133 unm
803 4094 837 4133 ue
859 4093 924 4133 cou-

133 4152 206 4230 uras
218 4171 375 4227 substitutio
390 4176 470 4223 estet
481 4167 635 4237 permansio
650 4167 697 4223 bei
707 4095 923 4235 bid—locutio,

132 4264 186 4322 boc
202 4272 256 4327 est,
276 4271 386 4317 aeterna
405 4268 434 4315 ct
454 4259 685 4315 incommutabilis
706 4260 747 4314 sui
775 4256 857 4313 Verbi
878 4272 925 4327 ge·

133 4359 252 4414 matio.
269 4353 361 4423 Potest
379 4354 464 4409 etiam
491 4369 544 4427 nqn
567 4352 790 4409 irrationabiliter
813 4354 846 4413 de
872 4353 924 4408 boc

936 3060 959 3122 C
974 3072 1170 3143 cogitationum
1183 3065 1298 3128 iincutts
1308 3059 1443 3129 detentus.
1461 3071 1495 3128 m
1513 3073 1627 3127 arraudus
1641 3090 1700 3129 eum
1712 3090 1765 3130 uon

973 3167 1102 3235 roprrouit.
1122 3165 1181 3224 Non
1201 3167 1327 3238 coguovit
1340 3167 1421 3222 bomo
1434 3164 1519 3221 beorn
1534 3166 1662 3231 Verbum,
1677 3183 1766 3246 nequo

974 3257 1764 3332 antebuntanatinnetnejuspersesoladiuinitatenudutu,

974 3363 1024 3404 nec
1038 3357 1099 3418 pust
1114 3349 1334 3409 humanationem
1347 3349 1404 3405 sola
1426 3350 1612 3406 incarnatione
1626 3350 1764 3406 restitum.

973 3438 1138 3497 invisibilem
1169 3439 1326 3511 ignorabat,
1353 3440 1487 3498 visibilem
1517 3442 1644 3512 negabat.
1675 3440 1767 3498 Noluit

975 3544 1107 3600 quaerere
1126 3537 1301 3600 quaerentem
1321 3544 1367 3597 se;
1383 3528 1469 3585 uoluit
1489 3528 1583 3586 audire
1606 3540 1765 3599 uocantem,

974 3619 1062 3676 noluit
1077 3617 1168 3683 colere
1189 3618 1375 3688 deificantem
1392 3618 1478 3675 noluit
1497 3619 1618 3690 recipere
1635 3620 1767 3693 recipien-

975 3719 1040 3768 lem.
1602 3730 1606 3741 “

1010 3802 1046 3858 ln
1058 3806 1165 3876 propria
1178 3806 1257 3873 uenit,
1273 3805 1301 3861 in
1315 3820 1348 3862 ea
1362 3803 1510 3888 dedicet,
1528 3816 1599 3875 quae
1612 3803 1763 3878 peripsum

974 3891 1046 3949 lacta
1062 3904 1135 3961 sunt,
1151 3897 1312 3978 sefflica
1329 3894 1440 3967 propria
1463 3893 1535 3948 illius
1555 3908 1608 3949 non
1626 3894 1764 3954 immerito

975 3992 1049 4039 sunt.
1066 3984 1100 4039 Et
1111 3985 1152 4040 rui
1165 4002 1224 4041 eunt
1237 3984 1314 4059 [uon]
1332 3986 1511 4055 ¹t·eceperunt.
1527 3982 1574 4039 Sui
1590 3992 1653 4041 sunt
1669 3999 1766 4045 otone!

975 4074 1108 4141 honrines,
1121 4092 1190 4147 quos
1199 4076 1283 4132 voluit
1298 4074 1431 4131 redimere
1444 4082 1472 4128 et
1487 4072 1612 4128 redemit.

1011 4165 1147 4241 Quotquot
1161 4179 1248 4224 entem
1263 4177 1412 4238 receperunt
1430 4182 1501 4233 eum,
1514 4164 1639 4221 deditur
1653 4176 1767 4238 potestn-

975 4278 1026 4322 tetn
1040 4266 1109 4335 filios
1126 4265 1174 4319 bet
1200 4263 1268 4332 fieri,
1283 4261 1446 4316 credentibus
1462 4262 1488 4315 in
1504 4261 1608 4316 numine
1621 4260 1689 4332 ejus.
1703 4260 1765 4319 ianr

977 4356 1107 4415 diuiditur
1120 4370 1173 4409 non
1193 4352 1348 4408 bumanitas
1366 4350 1506 4406 rationalis
1527 4351 1630 4417 mundi,
1648 4352 1696 4407 scd
1714 4367 1765 4409 ro·

134 4444 239 4504 muodo
252 4443 553 4501 secabilisnlummodo
571 4443 639 4499 ltacc
659 4444 793 4498 sententia
815 4431 1082 4515 praedi-Dianam
1099 4453 1275 4517 segregantur
1292 4450 1446 4513 receptores
1475 4441 1608 4497 incarnati
1638 4441 1719 4499 Verbi
1748 4442 1782 4500 tt'
1838 4512 1843 4523 ¹

133 4537 201 4603 curi,
215 4552 286 4608 quae
296 4538 334 4605 ait
349 4556 357 4590 :
373 4536 407 4593 lu
419 4536 517 4591 mundo
529 4546 596 4601 crat,
615 4547 638 4591 et
652 4535 765 4591 mundus
777 4553 823 4607 per
836 4538 922 4608 iprum

133 4630 220 4703 μακε
233 4637 281 4684 ert.
293 4626 617 4705 &Qt
633 4626 789 4683 llauiclrcae
801 4628 923 4685 haeresis

132 4736 258 4787 consors,
272 4720 400 4777 mutrdmn
414 4719 551 4790 corporeis
561 4719 685 4775 sensibus
699 4720 921 4777 succumbentem

133 4810 506 4874 immarcescentem,
524 4819 551 4866 ct
565 4824 618 4865 iton
632 4825 648 4863 a
660 4808 789 4865 Creatore
800 4812 922 4867 oninium

136 4904 279 4963 visibilium
291 4914 321 4959 et
335 4903 525 4969 invisibilium,
544 4901 686 4973 theologos
702 4902 840 4959 subnectit
864 4921 871 4955 t
887 4902 933 4960 ln·

135 4996 232 5054 medo
247 4982 454 5081 mutuno-qest,
476 4996 503 5050 in
529 4996 696 5051 boemundo
717 5004 777 5050 erat
798 4995 853 5062 ille,
876 4996 923 5066 qui

136 5088 375 5154 cumennora,
401 5096 426 5141 et
448 5086 560 5141 mundus
582 5102 629 5157 per
654 5087 740 5157 ipsunt
762 5084 849 5156 iactat
873 5096 922 5143 ert.

137 5178 192 5235 lion
204 5179 279 5236 ertim
294 5179 321 5233 iu
336 5176 431 5234 adenis
444 5177 573 5248 operibus
591 5175 776 5231 universitatis
799 5176 925 5235 conditor

136 5266 249 5335 bobini,
269 5267 363 5325 sedin
379 5267 437 5328 suis
454 5279 524 5339 quae
543 5264 617 5320 iecit.
635 5264 859 5331 Animaiiernere
878 5267 924 5323 de·

136 5360 238 5435 butus
254 5365 365 5429 matum
387 5360 578 5433 euangelistam
602 5357 766 5429 generaliter
793 5359 923 5445 niundon

977 4539 1167 4612 respuentibus
1188 4535 1261 4591 iilud.
1275 4534 1382 4591 Fideles
1393 4534 1507 4589 credunt
1519 4534 1665 4590 adrentum
1684 4533 1766 4591 Verbi

976 4642 1004 4689 ct
1017 4630 1133 4686 libenter
1147 4626 1281 4696 rccipiunt
1299 4623 1442 4679 llorninum
1461 4623 1513 4676 sui.
1534 4620 1610 4691 impii
1625 4632 1724 4697 negaru
1736 4632 1767 4685 et

976 4722 1174 4781 contumaciter
1186 4727 1322 4783 renuunt,
1338 4716 1433 4774 iudaei
1447 4731 1495 4788 per
1506 4715 1652 4782 invidum,
1668 4716 1766 4789 pagani

975 4827 1026 4885 per
1050 4808 1239 4883 ignorantiam.
1265 4805 1467 4877 Recipicntibus
1495 4804 1569 4861 dedit
1603 4814 1766 4879 potestatem

977 4901 1048 4958 lilios
1075 4900 1122 4956 lici
1143 4898 1213 4965 beri,
1235 4912 1289 4955 non
1303 4893 1496 4967 recipientibus
1519 4894 1566 4948 dat
1589 4894 1676 4950 adbuc
1698 4908 1764 4965 spa·

978 4994 1046 5051 tium
1061 4991 1220 5064 recipiendi.
1234 4990 1259 5047 Α
1274 4989 1346 5045 nubo
1360 4988 1433 5044 enim
1455 4984 1576 5043 aufertur
1600 4984 1777 5058 possibilitas,

975 5083 1102 5140 credendi
1115 5082 1143 5139 in
1157 5080 1206 5138 liei
1220 5079 1330 5147 Filium,
1345 5085 1373 5134 et
1391 5074 1556 5147 possibilitas
1570 5073 1702 5131 efficiendi
1716 5072 1765 5129 bei

975 5174 1076 5242 stilum;
1094 5177 1146 5233 lroo
1171 5173 1291 5233 enimin
1312 5170 1428 5241 arbitrio
1449 5167 1567 5224 hominis
1585 5175 1614 5247 ct
1633 5179 1763 5239 coopere-

975 5268 1049 5327 tiooe
1060 5266 1164 5343 gratiae
1176 5265 1354 5323 consumtum
1369 5269 1421 5317 est.
1442 5254 1550 5326 Quibus
1561 5248 1634 5349 dedit
1644 5230 1763 5339 potesti-

976 5350 1031 5419 tcm
1059 5356 1131 5437 tilios
1151 5355 1201 5427 liei
1230 5354 1307 5417 teu
1331 5342 1534 5445 liepipieqtibpp
1558 5352 1610 5448 ᾖ·
1629 5322 1763 5451 ἰῃρῑίῐιῇι

767 5489 896 5550 turult
911 5491 1115 5552 abortuum.

175 5618 185 5654 ⁸
199 5634 251 5676 sen
263 5632 320 5674 orn.
336 5613 411 5682 cod,
424 5610 485 5670 add.
499 5626 532 5667 ex
549 5609 620 5667 coni.

1713 5542 1748 5645 ri
