4167 6625
333 449 406 520 irat
1034 448 1336 512 summatenus
1621 394 1691 484 ,⁹
1915 417 1993 484 Μ

341 582 398 639 telo
417 574 586 636 crudelitatis
598 572 763 647 percellere,
785 567 944 628 searrdalum
965 568 993 626 in
1014 567 1632 645 Ecclesiabvioe,oruniumqueecclesiarum
1644 567 1693 628 bei
1705 571 1843 626 curantet
1856 562 1991 624 rabiem

340 670 389 728 liei
403 683 535 740 generare
545 683 598 724 non
611 663 792 737 pertimescit,
806 679 859 720 aon
871 661 958 719 solum
968 678 1019 735 per
1033 661 1136 718 medio·
1186 664 1276 721 dinem
1297 663 1604 734 nabisabominoprae
1631 663 1738 719 ceteris
1761 659 1918 731 delegatam
1941 659 1991 714 ua·

339 761 448 818 critatia
467 767 567 815 nostrae
590 756 788 823 ruinisterium,
807 755 863 811 bea
880 766 1007 822 auctore,
1030 756 1136 812 viribus
1184 754 1290 820 bentes,
1307 763 1452 825 autequam
1466 753 1595 824 antiquus
1607 762 1701 809 noster
1718 750 1894 806 adversarius
1906 763 1988 805 aren·

339 852 534 919 ininmabitur,
548 866 642 907 veruna
653 851 736 906 etiam
749 849 863 904 uinculis
874 847 1057 904 anathematis
1069 848 1136 904 obli·
1185 852 1227 900 tes
1237 853 1343 900 vestras
1353 843 1467 901 occultis
1483 852 1512 900 el
1524 842 1616 915 impiis
1630 842 1760 913 nequitiae
1773 853 1831 895 sure
1854 839 1984 895 versutiis

339 952 427 1013 patus,
441 944 553 999 nomine
563 940 780 998 Christianitatis
791 941 924 1012 privatus,
936 954 997 995 cum
1013 938 1132 1007 diabole,
1184 947 1350 1010 corrumpat,
1366 946 1394 993 et
1407 937 1502 993 morbo
1520 934 1666 992 insanabili
1678 933 1794 998 sauciet,
1812 931 1898 987 armis
1913 946 1988 1002 praa-

338 1051 419 1105 quem
440 1049 522 1104 super
544 1035 596 1090 boe
620 1032 753 1098 inritatur,
775 1031 887 1088 omnino
906 1030 1053 1087 locabitur.
1075 1029 1134 1086 Tua
1184 1031 1266 1088 cincti
1296 1031 1405 1096 divinis,
1420 1044 1576 1096 occurrere,
1592 1027 1805 1097 salubribusque
1828 1038 1879 1078 rus
1904 1021 1990 1100 inior·

337 1143 403 1184 uero
417 1127 581 1192 reverentia,
608 1126 631 1183 si
645 1126 672 1180 in
688 1125 741 1182 boc
758 1133 867 1180 strenue
881 1122 1030 1180 secundam
1042 1123 1134 1180 datam
1183 1139 1260 1180 mare
1274 1124 1417 1194 praeceptis
1427 1122 1575 1179 debemus:
1592 1120 1690 1191 quibus
1704 1115 1986 1175 barmiliterobedieu·

337 1219 390 1274 sibi
403 1218 531 1275 divinitus
543 1217 704 1288 sapientiam
719 1215 892 1280 laboraverit,
913 1223 1013 1271 nostre
1027 1213 1090 1282 sibi,
1106 1221 1135 1269 ut
1184 1225 1236 1284 tes,
1250 1219 1320 1275 sieut
1342 1232 1437 1275 omnes
1459 1217 1505 1288 qui
1519 1217 1553 1272 ab
1567 1214 1645 1271 initio
1659 1216 1716 1271 beo
1726 1211 1901 1282 placuerant,
1918 1207 1989 1265 salvi

336 1309 521 1381 pertulimus,
544 1309 737 1365 familiaritatis
751 1307 878 1364 fiduciam
891 1323 946 1363 non
962 1306 1066 1363 dubitet
1078 1321 1135 1365 mo-
1183 1311 1376 1384 assequentis,
1390 1311 1499 1368 dicente
1512 1310 1627 1366 Domino
1641 1308 1668 1363 in
1684 1305 1834 1378 Evangelio
1848 1322 1857 1362 ς
1872 1302 1903 1360 Si
1928 1302 1989 1374 quit

337 1402 378 1456 dis
392 1399 518 1457 omnibus
533 1399 721 1468 tribuendam,
745 1414 795 1454 nec
819 1397 1133 1456 dillldatbenevoleutiae
1183 1402 1268 1474 diliqit
1283 1419 1335 1469 me,
1347 1418 1492 1458 sermonem
1512 1417 1600 1457 meum
1614 1399 1738 1464 servabit,
1762 1407 1787 1452 et
1812 1396 1897 1451 Peter
1913 1410 1989 1449 mear

337 1503 437 1550 neure
452 1493 663 1565 benignitatem,
684 1506 745 1546 cum
760 1492 909 1546 necessitas
921 1489 1058 1561 exegerit,
1076 1488 1133 1545 suis
1182 1494 1273 1566 dilipet
1291 1511 1361 1558 eum,
1379 1502 1405 1548 et
1418 1492 1454 1548 ud
1469 1509 1529 1547 eunt
1548 1492 1688 1553 amicatur,
1705 1497 1729 1544 ct
1740 1485 1988 1555 mumioueutapud

335 1585 585 1656 opportunitatibus
605 1584 772 1640 adiuturam.
801 1581 858 1638 lloc
880 1591 1011 1652 praeterea
1034 1581 1132 1638 missos
1182 1602 1242 1641 eunt
1267 1585 1405 1656 paciemur
1421 1582 1514 1655 (ioan.
1534 1583 1603 1654 nv).
1616 1582 1786 1652 Quapropter
1816 1571 1980 1634 ebariuieut

336 1679 492 1749 apostolicae
506 1686 607 1734 austrae
618 1677 701 1743 sedis,
718 1675 831 1733 Paralum
844 1684 872 1730 et
882 1674 1003 1730 Leonem
1019 1688 1133 1730 venera·
1182 1686 1313 1744 vestram,
1327 1675 1509 1733 cabarissimi
1520 1675 1548 1731 in
1562 1674 1678 1731 Domino
1689 1672 1747 1737 biii,
1759 1670 1912 1743 apostolica
1925 1670 1989 1724 tuba

334 1771 404 1827 biles
418 1774 575 1843 episcopos,
601 1769 897 1828 dilectosconsiliarias
912 1778 1037 1833 nostros,
1064 1782 1133 1838 quos
1182 1785 1335 1834 manemus,
1349 1780 1377 1825 et
1396 1768 1501 1827 coelesti
1523 1768 1680 1840 magisterio
1703 1780 1863 1832 mammas,
1887 1771 1919 1820 ut
1940 1779 1988 1833 pra

334 1878 385 1932 pra
402 1877 469 1933 pace
481 1873 508 1918 et
521 1862 668 1918 concordia
683 1862 731 1918 lici
754 1861 883 1918 Ecclesim
906 1860 971 1926 illuc
986 1860 1132 1918 destinavi·
1182 1861 1259 1933 requi
1274 1860 1435 1926 stabilitate,
1450 1875 1499 1917 vos
1513 1874 1587 1917 nunc
1600 1859 1628 1915 in
1640 1859 1736 1916 eadem
1752 1857 1818 1924 lide,
1831 1856 1988 1928 mentisque

334 1969 411 2016 mas,
436 1954 471 2010 ob
488 1953 668 2010 reuerentiam
683 1954 836 2025 principum
849 1952 1033 2025 apostolerum
1058 1951 1131 2008 Petri
1147 1932 1352 2016 Bsineeritate.
1372 1953 1536 2026 generaliter
1558 1969 1655 2011 omnes
1671 1953 1808 2023 muntia
1833 1952 1987 2009 consistere

334 2056 362 2100 et
374 2044 450 2100 Pauli
464 2045 581 2115 benique
593 2046 711 2118 suscipe,
733 2055 762 2103 et
784 2060 817 2102 ea
836 2062 897 2117 quaa
910 2046 958 2102 libi
971 2043 1133 2115 proutilita·
1183 2044 1256 2102 circa
1281 2045 1489 2103 dilectissimum
1503 2061 1537 2103 ac
1560 2046 1713 2117 spiritalem
1739 2045 1825 2102 lilium
1852 2054 1987 2113 amram,

333 2137 581 2193 tibustristianae
598 2137 661 2194 ildei
677 2147 758 2209 atque
774 2138 913 2210 religionis
931 2138 1067 2203 dixerint,
1084 2151 1132 2193 ore
1183 2135 1313 2192 domnum
1326 2137 1494 2196 Ludovicum
1510 2140 1702 2211 imperatorem
1720 2139 1888 2211 damatam,
1908 2152 1988 2209 quatu
2067 2201 2068 2216 χ

334 2230 425 2284 caulis
436 2231 602 2302 percipiens,
624 2231 658 2286 ad
670 2230 795 2288 effectum
810 2231 910 2288 ducere
925 2230 1032 2287 iestiua.
1049 2228 1132 2301 Opta·
1182 2230 1256 2286 circa
1272 2230 1341 2286 dirae
1353 2232 1491 2289 memorie
1503 2232 1641 2304 quondam
1664 2232 1825 2289 Lotbariurn
1839 2232 1988 2302 imperatu·

333 2335 395 2375 mus
408 2321 581 2378 sanctitatem
593 2331 667 2377 tuam
689 2323 718 2379 in
739 2323 848 2380 Christo
858 2325 929 2381 bene
941 2323 1039 2381 valere.
1064 2324 1131 2382 bata
1183 2337 1240 2379 rem
1253 2329 1359 2391 patrem
1385 2322 1458 2379 illins
1470 2322 1572 2380 mundo
1594 2330 1707 2395 pectore
1729 2322 1918 2379 conservastis
1934 2340 1942 2376 a
1957 2330 1986 2377 ut
2067 2303 2068 2332 1

334 2410 419 2467 lionis
431 2410 614 2483 Septembris,
628 2412 778 2473 indictione
790 2430 831 2472 ru.
1183 2413 1272 2471 nullus
1298 2414 1472 2481 mortalium,
1499 2413 1687 2488 cujuscunque
1721 2416 1758 2473 sit
1784 2416 1929 2489 dignitatis
1956 2425 1985 2472 et
2067 2465 2068 2484 ,

687 2543 780 2602 um·
1182 2503 1564 2577 gloriae,vosabapostolieae
1574 2506 1647 2563 sedis
1665 2515 1804 2578 praecepto
1826 2507 1987 2578 monituque
2067 2507 2068 2514 ’

1183 2595 1285 2653 salubri
1294 2596 1381 2668 possit
1394 2596 1482 2654 modis
1491 2606 1539 2654 aut
1554 2598 1722 2670 argumentis
1747 2598 1921 2669 quibuslibet
1943 2615 1987 2656 re·
2067 2613 2068 2626 ¹

510 2675 545 2716 *ὓ
557 2674 691 2719 ‘mm
710 2676 790 2719 “³⁰⁸¹
809 2677 951 2721 mmm·
1182 2701 1291 2754 vocare,
1320 2686 1446 2744 velaria
1463 2688 1590 2746 veritatis
1615 2690 1644 2746 in
1671 2687 1813 2759 obliquum
1829 2688 1985 2752 &flectere
2067 2703 2068 2706 ’

641 2771 827 2847 (danubii.)
1183 2792 1234 2835 uec
1247 2777 1329 2834 ullius
1342 2788 1479 2850 precepta
1490 2780 1579 2851 magis
1591 2794 1674 2852 quam
1684 2779 1758 2836 beati
1769 2778 1844 2836 Petri
1859 2779 1986 2852 apostoli,
2067 2815 2068 2840 a

335 2875 401 2939 Post
421 2893 530 2939 mortem
553 2883 673 2940 Latiarii
693 2889 778 2958 repis,
791 2888 915 2944 itortetttr
926 2900 957 2945 tat
968 2891 1061 2962 fideles
1079 2896 1133 2951 aiut
1183 2883 1234 2940 9⁰¹
1246 2883 1277 2925 ⁰⁸
1290 2877 1413 2926 ”mmm
1426 2870 1542 2942 ¹³¹⁰¹³¹³t
1556 2871 1689 2942 wbi⁸q¹¹⁰
1713 2870 1836 2938 ‘'mim'’
1855 2870 1986 2941 ''⁰⁰¹¹'‘ss

367 2951 500 3008 badurico
513 2956 665 3027 imperatori
674 2957 746 3014 illiue
764 2958 854 3031 pratri,
866 2962 910 3017 eui
923 2977 1033 3035 requam
1047 2965 1132 3023 iere·
1184 2961 1324 3034 percipere
1337 2962 1449 3020 auribus
1463 2963 1605 3020 studeatis.
1617 2964 1751 3033 Quoniam
1765 2965 1817 3035 ipsi
1829 2973 1857 3021 et
1866 2974 1985 3037 paterno

368 3024 687 3096 dliilliiiliiid‘b‘ii'll·
1185 3053 1401 3110 etbaereditario
1416 3053 1479 3124 jure
1507 3054 1655 3111 secundum
1684 3055 1774 3127 legem
1794 3063 1825 3112 et
1851 3056 1986 3112 rationem

366 3137 668 3210 Anmtuusepiseopus,
688 3155 785 3199 servm
810 3159 952 3202 servorum
973 3146 1031 3216 liei,
1047 3150 1135 3206 emni-
1183 3146 1237 3204 boc
1250 3161 1363 3218 regnum
1378 3147 1501 3212 debetur,
1513 3156 1541 3204 et
1550 3162 1599 3218 per
1612 3157 1733 3220 paternae
1743 3149 1915 3205 hereditatis
1924 3166 1987 3207 sue·

330 3225 382 3281 bus
396 3228 556 3297 primatibus
569 3239 597 3286 et
607 3231 733 3302 gloriosis
745 3235 891 3291 comitibus
918 3238 1133 3298 consistentibus
1186 3239 1337 3297 cessionem
1357 3253 1530 3310 summopere
1555 3240 1674 3312 pertinet
1692 3258 1699 3296 :
1715 3241 1817 3313 quippe
1836 3256 1902 3298 eum
1925 3258 1986 3314 euru

329 3317 359 3376 in
372 3334 455 3391 regno
469 3320 562 3377 domni
575 3322 706 3391 Lodtarii,
722 3327 858 3398 quondam
880 3329 971 3401 magni
986 3331 1132 3404 imperate
1145 3308 1169 3374 c
1184 3331 1313 3405 prelatas
1327 3330 1436 3403 qeailor
1449 3331 1534 3399 illius,
1546 3332 1685 3403 quondam
1697 3333 1860 3406 imperator,
1886 3336 1986 3393 causti-

331 3413 380 3479 ris,
396 3422 424 3468 et
439 3415 673 3485 genitorisdomai
687 3416 817 3476 balderici
838 3420 1022 3494 imperatorie.
1182 3423 1266 3481 tuerit
1277 3423 1482 3495 imperatorem,
1498 3425 1630 3497 regnique
1653 3425 1738 3483 muas
1765 3427 1911 3484 haeredem
1930 3443 1986 3500 pre

365 3506 497 3562 Perfectus
520 3509 615 3579 procui
635 3511 716 3568 dubio
736 3513 879 3571 charitatis
900 3525 943 3573 est
958 3518 1071 3586 bonum,
1089 3534 1131 3575 se·
1182 3515 1289 3572 caeteris
1300 3514 1486 3572 sublimaverit
1498 3516 1580 3575 natis.
1595 3515 1673 3572 Sicut
1687 3516 1764 3574 isaac
1785 3518 1930 3589 quondam
1943 3519 1985 3576 ia·

330 3597 448 3653 cundum
473 3598 773 3670 Apostolumguudere
800 3619 863 3659 eum
885 3607 1080 3677 pandentibus,
1103 3617 1133 3666 et
1182 3605 1302 3663 eubillio
1317 3621 1366 3663 suo
1380 3606 1554 3675 benedicens,
1581 3608 1721 3667 domiuum
1738 3609 1818 3666 illum
1833 3610 1984 3670 &auem

329 3686 395 3744 ilere
408 3703 471 3743 cum
484 3685 610 3743 derrtibus
628 3686 715 3758 (nom.
735 3688 797 3761 uu).
814 3690 891 3747 Unde
907 3694 971 3763 quia
985 3694 1132 3754 Lotbarius
1182 3696 1270 3753 stituit
1284 3694 1361 3766 (Gen.
1387 3697 1476 3767 nvn)
1492 3711 1500 3751 ε
1514 3698 1552 3754 ita
1562 3707 1591 3755 el
1612 3700 1676 3757 buic
1691 3702 1798 3758 cacteris
1815 3702 1934 3772 praelata
1945 3712 1983 3760 to·

329 3780 464 3851 quondam
481 3795 528 3835 rex
542 3789 632 3837 uester
654 3781 745 3838 diuina
773 3781 806 3838 de
833 3783 886 3840 boc
896 3785 996 3843 seculo
1006 3786 1131 3856 iussione
1182 3795 1239 3842 tum
1252 3786 1364 3844 omnino
1374 3796 1417 3843 est
1433 3796 1539 3858 epatre
1550 3804 1711 3848 mucessum
1725 3791 1979 3865 imperiquueaa

327 3872 465 3943 migravit,
479 3886 527 3928 vos
539 3871 572 3927 ale
584 3870 659 3932 obitu
675 3871 760 3943 ipsius
771 3872 849 3929 valde
859 3874 951 3932 tristes
964 3875 1087 3948 enectos,
1100 3889 1130 3938 et
1183 3878 1241 3949 ipse
1252 3878 1342 3934 adbuc
1352 3879 1448 3935 vivens
1468 3879 1604 3951 imperiali
1630 3881 1760 3939 voluit-et
1775 3887 1981 3944 consensuum

326 3964 434 4035 lugubri
463 3963 563 4021 doloris
587 3963 706 4036 ingentis
720 3964 912 4034 amaritudine,
940 3974 1033 4039 utpote
1052 3969 1128 4029 viros
1180 3970 1322 4027 vobiscum
1344 3971 1378 4028 ab
1404 3972 1555 4042 apostolica
1578 3974 1643 4031 sede
1666 3976 1821 4036 diademate
1845 3984 1981 4049 coronari,

327 4056 430 4121 lideles,
449 4054 567 4125 repletos
581 4070 642 4113 esee
654 4057 852 4128 cognoscimus,
863 4058 1020 4132 camelique
1029 4060 1128 4121 aliectu
1179 4073 1340 4134 sceptroque
1372 4065 1454 4136 potiri
1475 4066 1535 4122 siue
1559 4065 1642 4124 dubio
1668 4070 1805 4142 augustali
1842 4076 1979 4143 permisit.

325 4147 466 4218 ejusuunc
481 4147 626 4203 transitum
641 4147 704 4203 llere
721 4166 727 4202 :
745 4158 903 4206 nosternon
917 4153 1128 4225 minusaposto·
1180 4152 1243 4209 ideo
1268 4152 1436 4210 nobilitatem
1465 4164 1585 4211 vestram
1609 4173 1753 4216 monemus
1769 4162 1980 4221 etobtesranu

325 4240 394 4297 licus
416 4240 524 4296 animus
551 4240 628 4297 vobis
653 4243 823 4310 compatiens
836 4251 864 4298 et
889 4243 1047 4314 condolens,
1072 4264 1128 4306 noa
1180 4242 1209 4311 ili
1240 4244 1362 4309 bomine,
1386 4254 1417 4299 lli
1441 4245 1596 4303 nubilibus
1622 4248 1657 4305 ²1)
1685 4251 1782 4307 eodem
1797 4267 1850 4310 '⁰8
1865 4255 1978 4325 spilibli

324 4332 414 4388 solum
425 4346 474 4401 pro
488 4338 589 4387 eterna
601 4330 671 4387 illius
679 4333 773 4403 requie
786 4336 969 4404 atquesalate,
982 4337 1030 4395 setl
1044 4340 1128 4397 etiarn
1180 4333 1236 4390 lilio
1248 4345 1344 4391 1108er
1371 4336 1494 4409 bbssbslb
1515 4338 1683 4409 quibuslibet
1697 4344 1926 4413 promissionibus
1938 4348 1977 4405 vel

324 4438 375 4495 pra
388 4423 513 4492 presenti
523 4421 709 4478 consolatione
717 4430 816 4487 vestra,
824 4439 956 4495 propace,
965 4429 1124 4497 concordia,
1178 4426 1261 4483 minis
1284 4425 1401 4505 alieuius
1424 4442 1563 4499 separare,
1591 4429 1768 4505 dividereque
1787 4438 1918 4504 aeneum
1933 4440 1976 4495 sed

322 4513 476 4577 etuuitate,
500 4527 581 4581 quana
600 4529 648 4570 vos
663 4529 697 4569 er
718 4515 869 4571 totocorde
887 4517 976 4588 sequi,
999 4527 1028 4576 et
1051 4520 1124 4578 ildeli
1177 4521 1347 4593 illiquandiu
1360 4538 1478 4596 superna
1505 4527 1767 4598 viteritvoluntate,
1799 4533 1828 4588 in
1854 4533 1976 4589 omnibus

323 4608 435 4665 omniuo
447 4607 590 4664 devotione
602 4608 727 4678 amplecti
742 4623 791 4665 ceu
804 4608 905 4666 Christi
918 4613 1042 4671 membra
1062 4615 1123 4671 uul-
1137 4661 1163 4723 D
1177 4611 1258 4668 veluti
1274 4613 1384 4683 proprio
1396 4615 1509 4681 seniori,
1524 4618 1634 4689 proprio
1666 4619 1837 4690 imperatori,
1849 4621 1972 4695 justoque
2067 4666 2068 4679 ,

322 4698 376 4755 lana
390 4701 515 4757 babentia
530 4699 675 4765 maculant,
690 4715 750 4770 quae
770 4701 916 4759 instantem
928 4712 976 4760 aul
1004 4705 1123 4764 suturam
1175 4702 1276 4761 bareui
1291 4704 1366 4774 regni
1377 4705 1499 4772 obedire,
1515 4705 1652 4778 iidemque
1662 4707 1776 4766 illaesam
1802 4727 1882 4770 more
1897 4712 1971 4768 sulita

321 4793 418 4848 mortis
447 4794 595 4864 perniciem
609 4793 685 4850 vobis
695 4793 782 4865 possit
793 4793 905 4861 inferre,
917 4796 1120 4867 incunctanter,
1174 4812 1349 4865 conservare,
1373 4798 1518 4871 studioque
1540 4801 1633 4873 sagaci
1658 4817 1766 4875 semper
1789 4807 1933 4871 attendite,
1945 4814 1971 4861 ut

321 4896 352 4943 ut
364 4894 480 4957 oportet,
496 4883 786 4945 debilibusbominum
800 4888 927 4958 precibus
948 4891 1053 4961 precati
1074 4906 1122 4948 su·
1173 4890 1223 4947 Dei
1239 4891 1432 4961 omnipotentis
1444 4899 1473 4947 el
1486 4892 1573 4947 sancti
1602 4891 1675 4950 Petri
1694 4896 1822 4967 qratiam,
1839 4908 1968 4955 aostmm

241 5015 245 5021 ·
320 4993 391 5034 mus.
407 4977 571 5047 thuotidie
585 4979 744 5049 suppliciter
766 4994 911 5037 exoramus
927 4988 958 5037 ut
969 4989 997 5037 et
1008 4982 1059 5046 illi,
1073 4983 1121 5055 qui
1172 5000 1224 5057 que
1235 4984 1385 5057 plenariam
1400 4987 1501 5043 babere
1514 4986 1675 5043 mereamini
1702 4987 1969 5064 benedictionem,

320 5072 424 5130 carnali
441 5072 510 5127 obiit
534 5073 699 5140 conditione,
714 5074 797 5130 vitam
817 5083 988 5148 perpetuam,
1000 5084 1029 5131 et
1042 5078 1120 5134 vobis
1173 5077 1330 5148 apostolicae
1342 5078 1542 5135 communionis
1567 5080 1745 5136 consortium.
1759 5077 1832 5136 llam
1845 5097 1924 5152 quem
1939 5097 1968 5138 er
2067 5068 2068 5091 ¹

319 5166 515 5223 misericordiae
527 5166 653 5238 largitate
664 5169 870 5238 consolationis,
885 5172 970 5242 pacis,
982 5178 1011 5226 et
1024 5172 1122 5227 unani·
1174 5169 1251 5227 vebis
1274 5169 1414 5226 contraria
1439 5169 1700 5235 tentareuiteutem‚
1714 5180 1799 5242 atque
1822 5174 1967 5246 apostolice
2067 5160 2068 5177 ¹

319 5260 561 5318 mitatisaiiectum
577 5261 780 5319 etdesiderium
806 5264 943 5336 inspirare
965 5264 1121 5336 donareque
1174 5261 1247 5317 sedis
1262 5262 1373 5319 monilis
1397 5262 1425 5318 in
1448 5271 1634 5333 contemptum
1665 5262 1739 5319 beati
1762 5263 1838 5322 Petri
1861 5265 1965 5339 apostoli

320 5351 454 5423 dignetur.
477 5352 611 5422 Quoniam
629 5354 686 5426 ipse
703 5362 755 5421 est,
783 5356 830 5426 qui
855 5371 904 5414 nos
917 5365 1030 5428 paterno
1045 5373 1121 5415 urore
1173 5354 1294 5411 coelestis
1310 5354 1387 5426 requi
1398 5353 1526 5426 clavigeri
1540 5355 1653 5426 spretis,
1666 5355 1701 5411 ad
1716 5355 1798 5411 aliam
1813 5372 1845 5413 se
1866 5367 1963 5429 partem

319 5442 396 5514 virga
408 5443 521 5516 iustitiae
531 5445 656 5517 corripit,
668 5461 702 5503 ae
715 5446 886 5519 purgationis
896 5463 1015 5506 moerore
1025 5448 1121 5522 assliqit
1173 5446 1299 5503 conferre
1311 5445 1527 5518 cognoverimus,
1544 5445 1619 5502 velut
1632 5445 1780 5514 iaudetem,
1796 5458 1826 5505 et
1840 5449 1963 5506 ecclesu-

264 5570 270 5578 -
319 5542 348 5591 et
361 5534 481 5606 lpaenos
494 5538 522 5593 in
542 5538 618 5595 omni
645 5538 821 5596 tribulatione
849 5548 943 5596 nostra
971 5540 1121 5599 clementer
1172 5540 1249 5597 sticae
1261 5539 1321 5609 paci
1332 5553 1365 5595 ac
1379 5537 1460 5595 saluti
1470 5539 1778 5605 eontrarium,aaostri
1806 5541 1961 5612 apostolatu

320 5627 455 5684 consolari
465 5629 603 5701 dignatur,
619 5638 650 5685 at
660 5631 797 5702 possimus
807 5630 955 5699 sustinere,
966 5647 1120 5704 nunquam·
1173 5614 1364 5687 communione
1387 5641 1442 5683 noa
1469 5626 1557 5684 solum
1578 5627 1697 5684 alienam
1719 5628 1887 5694 babebimus,
1914 5629 1956 5685 sed

320 5718 509 5790 quedellcere.
526 5719 718 5790 Quamobrem,
732 5721 779 5779 dlii
792 5720 1120 5793 cbarissimi,apostclieae
1171 5720 1254 5777 ctiam
1272 5716 1456 5773 anathematis
1481 5714 1591 5773 vinculo
1615 5717 1678 5788 jure
1693 5719 1845 5793 meritoque
1856 5719 1955 5790 alipes

320 5811 393 5868 sedis
411 5812 567 5884 magisterio
591 5814 739 5885 plurimum
763 5813 903 5880 debentes,
931 5830 990 5880 nos,
1010 5816 1058 5886 qui
1071 5830 1120 5886 per
1171 5810 1282 5867 omniuo
1292 5808 1459 5873 curabimus,
1472 5814 1500 5863 el
1510 5822 1560 5864 uos
1574 5810 1724 5866 secuudum
1737 5812 1888 5883 apostolice
1903 5808 1950 5880 pri·

321 5917 466 5972 superaara
483 5903 598 5975 gratiam
621 5904 804 5974 apostolorum
820 5904 952 5977 principis
979 5903 1120 5980 tangimur
1168 5902 1296 5977 vilegium
1311 5898 1451 5975 diguitatis
1463 5908 1491 5957 et
1504 5902 1658 5975 potestatis,
1671 5903 1758 5980 ipsum
1768 5899 1945 5965 eseebmusi
