4167 6625
390 424 460 487 ‚nm
1077 415 1221 476 totnuts
1240 416 1340 476 scort
1695 386 1705 410 '⁴
1918 425 1964 484 m

389 537 491 602 ceteris,
506 543 535 590 nt
550 535 583 589 de
603 545 653 589 stttt
677 529 733 589 sine
746 528 799 602 fine
808 531 990 605 permansione
1010 531 1075 587 certi
1088 538 1181 596 esmnt,
1195 532 1300 594 luero
1323 527 1441 596 uberior,
1470 523 1624 586 uberiorem
1638 517 1769 598 'proiecto
1791 525 1880 585 lauden
1897 539 1965 604 gratim

390 638 516 697 tononosn
535 626 621 696 ipsum
640 622 785 694 proemium
803 623 939 678 seientiam
961 622 970 654 ¹
990 621 1182 692 permansionis
1234 610 1320 689 ipsius
1337 619 1490 675 debemus'
1507 618 1623 686 soluere,
1646 618 1695 689 qui
1709 617 1965 699 Qolunpoesml.

390 717 472 781 dedit,
492 715 538 786 qni
558 714 619 785 lecit
634 713 765 768 inminens
792 714 871 768 etiosn
895 715 982 784 ipsun
1000 721 1099 767 rectem
1123 726 1182 766 cnm
1234 709 1396 782 necantiqui
1408 711 1493 767 nostri
1508 710 1595 768 bostis
1607 709 1728 766 nobieiu
1740 708 1965 777 cacloditlrilnmn

390 807 480 863 eodem
493 805 575 860 litero
592 803 712 871 arbitrio,
734 812 866 860 terrenam
885 805 991 877 quidem
1011 805 1123 870 enimet,
1137 803 1182 860 sed
1233 801 1317 892 eQm
1337 802 1539 859 numerosiores
1560 816 1611 858 nos
1628 801 1665 856 nd
1688 799 1869 857 habitationem
1884 788 1965 866 cibem

391 898 464 954 cneio
488 898 607 968 dignum,
626 897 650 951 si
678 911 728 951 sno
758 895 907 951 cohaereret
931 898 1053 963 auctori,
1077 897 1183 953 nimio
1234 893 1339 965 patriae
1350 895 1522 966 praepararit
1535 893 1588 960 lois,
1599 892 1647 963 qui
1667 905 1700 948 ca
1722 890 1789 962 lapsl
1805 893 1963 968 suntiligua·

389 990 520 1054 similiter,
535 989 627 1042 sicem
646 987 786 1054 deureret,
801 987 888 1058 pariis
901 997 1012 1044 notnroe
1028 987 1183 1059 eujusmodi
1213 982 1284 1038 -rali
1308 983 1396 1039 reditu
1414 984 1441 1039 in
1468 982 1621 1055 paradisum
1646 979 1771 1054 praefata
1798 980 1962 1057 toffleltttpstt·

389 1080 649 1150 recommemorent
671 1078 790 1133 videlicet
814 1078 1036 1149 praevaricatione
1050 1077 1114 1149 legis
1133 1077 1184 1132 liei
1234 1073 1363 1144 digntata,
1380 1081 1408 1127 ut
1428 1074 1534 1144 opinor.
1549 1071 1622 1129 lltre.
1647 1069 1792 1127 Sufficiunt
1814 1070 1891 1142 plate;
1908 1077 1962 1132 oum
2004 1119 2005 1144 ,

387 1184 435 1241 per
452 1169 500 1223 liei
512 1168 686 1223 desertionem
699 1179 869 1239 neocororum
886 1171 967 1225 'esse
990 1170 1150 1240 praescierat
1160 1168 1181 1224 ⁸.
1235 1164 1306 1220 enirn
1317 1163 1550 1235 taliumsymbola,
1561 1177 1632 1235 quae
1645 1163 1765 1234 sparsim
1773 1161 1965 1234 saeraeSeriptrrte
2004 1193 2005 1208 t

389 1255 499 1314 Neritii
512 1260 610 1315 edentis
623 1258 699 1314 liberi
710 1260 814 1315 arbitrii
822 1268 985 1331 potestatem,
997 1257 1184 1330 simniproeni·
1236 1255 1317 1312 ittslta
1332 1265 1404 1323 suot,
1416 1257 1443 1313 iu
1455 1273 1537 1313 unum
1555 1258 1687 1329 colligere
1705 1264 1735 1311 et
1748 1255 1847 1327 longum
1857 1259 1964 1326 contla·
2004 1239 2005 1312 ἶ

390 1351 466 1416 drns,
483 1350 620 1421 quidboni
640 1351 672 1405 de
690 1350 829 1422 moloep‘us
849 1353 982 1422 essetipse
996 1354 1126 1421 lecturus,
1139 1349 1185 1422 qui
1236 1348 1509 1405 tassislastidiosum.
1523 1347 1626 1405 Vellem
1640 1357 1737 1404 tamen
1750 1347 1825 1412 seire,
1838 1348 1965 1418 mdtmbrit
2004 1335 2005 1350 ¹

388 1442 423 1495 de
435 1442 541 1496 mortali
548 1443 681 1513 progenie,
693 1442 786 1498 merito
799 1445 921 1514 justeque
932 1443 1070 1508 domnolo,
1081 1451 1184 1495 tontum
1229 1408 1412 1495 woman
1439 1440 1569 1498 adversus
1592 1439 1836 1495 adolescentiorem
1856 1439 1878 1494 tl
1892 1449 1962 1510 paras
2004 1431 2005 1442 ¹

387 1531 612 1602 populnngrotio
632 1549 682 1586 sno
700 1531 815 1601 collegit,
830 1531 901 1586 unde
916 1530 1034 1600 supplent
1047 1539 1071 1584 et
1084 1530 1185 1584 inrton·
1237 1543 1316 1584 suum
1331 1539 1522 1599 revertentem,
1541 1529 1686 1600 vituloque
1711 1529 1831 1600 saginato
1850 1529 1963 1598 omem·
2004 1477 2005 1552 i

388 1630 427 1675 ret
436 1630 547 1691 portem,
560 1637 627 1692 quoe
647 1621 722 1691 lapso
737 1631 784 1688 est,
805 1621 971 1692 angelornm,
984 1636 1015 1674 oe
1027 1619 1064 1675 sic
1077 1617 1124 1674 iila
1139 1618 1185 1675 de·
1237 1616 1337 1674 lentem
1349 1619 1478 1688 insinuat.
1489 1618 1601 1675 llultum
1618 1618 1760 1689 siquidem
1777 1618 1965 1682 neminem

388 1697 456 1766 lecto
467 1720 491 1766 et
505 1728 620 1783 superno
634 1712 726 1767 ciuitas
746 1728 854 1768 numero
867 1712 964 1767 sisium
981 1726 1034 1766 non
1047 1697 1200 1780 lroudore'
1236 1709 1275 1766 illl
1289 1710 1388 1767 iratres
1407 1712 1553 1767 humanam
1567 1686 1779 1783 ruffine
1796 1716 1895 1764 naturam
1904 1708 1965 1777 rigni

389 1813 445 1870 tur,
458 1805 522 1875 qnin
542 1805 620 1860 etiarn
638 1806 759 1876 fortassis
772 1815 796 1861 et
809 1806 928 1861 uberiore
938 1806 1090 1860 laeteretur.
1110 1803 1184 1871 Quae
1237 1812 1311 1869 eant,
1327 1803 1416 1875 qualis
1440 1804 1541 1860 invidia
1556 1803 1693 1860 bonorum
1717 1798 1863 1870 augelorum
1879 1797 1965 1853 nme

389 1892 447 1947 sola
471 1893 610 1952 conclusio
629 1894 793 1951 sanctissimi
821 1894 943 1966 magistri
956 1887 1094 1950 suffecerit
1107 1873 1347 1948 nobtthmmaot
1376 1894 1483 1964 generis
1507 1892 1680 1966 intelligitur,
1704 1890 1796 1977 iffi}
1817 1887 1867 1959 ejus
1883 1886 1964 1942 must
2004 1899 2005 1920 ¹

391 1984 426 2038 ad
441 1983 657 2055 intelligendum,
680 1986 831 2042 uberiorem
846 2000 989 2041 nanterum
1013 1983 1124 2040 ltumnni
1139 1997 1186 2054 ge-
1237 1984 1343 2041 l‘atrem
1359 2000 1448 2053 suunt,
1464 1985 1541 2057 culus
1554 1985 1752 2047 substantiam,
1770 1982 1877 2082 Qut
1891 1977 1966 2048 begui

389 2075 465 2131 neris
480 2076 507 2130 in
522 2085 644 2131 sanctam
659 2076 798 2133 ciuitatem
809 2077 953 2132 caelestem
964 2091 1138 2132 reuersurum
1152 2089 1185 2130 co
1237 2075 1351 2147 gratiam
1376 2075 1404 2130 ln
1428 2075 1491 2131 villa
1509 2074 1634 2131 mortalis
1657 2072 1742 2143 buius
1754 2072 1824 2128 ritae
1837 2067 1965 2126 seniuslia

391 2180 517 2230 numero,
532 2165 578 2234 qui
591 2179 625 2220 er
645 2180 676 2221 ea
695 2166 786 2237 lapsus
808 2175 859 2223 est.
872 2167 908 2223 Et
921 2166 947 2221 id
967 2169 1054 2238 ipsum
1068 2166 1187 2221 arbitror
1237 2166 1298 2223 bolo
1311 2167 1450 2238 dissipauit
1462 2179 1486 2221 ⁸.
1501 2166 1629 2239 Legimus
1645 2166 1734 2231 enim,
1753 2170 1854 2220 sanctos
1869 2157 1966 2231 angulosis

388 2254 474 2312 David
488 2257 647 2327 prophetam
671 2258 792 2314 dixisse:
808 2258 980 2325 Annuntinoi,
994 2260 1091 2329 inqttlt,
1107 2270 1130 2314 et
1145 2258 1185 2313 lo·
1237 2258 1349 2315 interitu
1373 2258 1489 2315 ltontinis
1513 2257 1672 2325 condolere,
1691 2255 1717 2313 ei
1744 2263 1831 2310 autem
1847 2251 1966 2308 inriderent·

389 2357 466 2402 entus
485 2363 554 2415 rum,
570 2347 740 2420 snaltipiieoti
755 2360 816 2406 sunt
838 2367 916 2422 super
926 2367 1074 2406 nnmerum.
1092 2352 1129 2406 lle
1142 2350 1186 2407 bis
1236 2363 1392 2420 quaquam
1419 2348 1546 2405 concites
1568 2349 1641 2404 enirn
1667 2355 1735 2404 sunt
1758 2344 1871 2402 caelestis
1889 2339 1965 2402 crium

390 2437 463 2490 enirn
479 2437 554 2501 dixit,
569 2437 614 2507 qul
628 2452 678 2506 per
691 2438 854 2493 sacrificium
869 2440 992 2510 eorporis
1006 2438 1111 2494 bomini
1124 2454 1187 2511 pnr-
1236 2447 1420 2509 paternaeque
1432 2438 1600 2496 substantiae
1613 2448 1641 2495 et
1667 2435 1964 2503 haeremtattspossesm

390 2526 445 2596 gati
467 2535 494 2580 et
507 2528 638 2597 redempti
656 2535 730 2593 sunt,
750 2529 796 2599 qni
823 2530 992 2601 multiplicati
1017 2539 1082 2586 sunt
1104 2545 1186 2603 super
1237 2530 1276 2588 lle
1313 2540 1420 2603 reperta
1452 2546 1560 2631 ψ
1588 2544 1651 2597 ore,
1692 2530 1776 2606 ipsene
1800 2525 1966 2589 armornm

389 2629 534 2669 numerum
556 2615 719 2686 angelicum,
742 2630 792 2687 per
803 2618 957 2687 superbiant
980 2620 1060 2675 unius
1075 2620 1187 2692 relagae
1238 2624 1276 2680 ris
1310 2623 1352 2680 sul
1388 2623 1523 2689 reducta,
1560 2621 1703 2694 angelicae
1723 2619 1832 2673 virtutes
1856 2608 1965 2682 marulli

391 2709 425 2765 de
450 2706 623 2763 beatitudinis
649 2708 735 2781 gloria
757 2719 889 2774 ruentem.
916 2710 993 2779 Quod
991 2712 1187 2799 plenissime
1237 2718 1261 2774 ri
1290 2716 1419 2773 beluinos
1440 2717 1498 2787 ipse
1525 2723 1739 2785 testatursper
1758 2724 1838 2766 unum
1857 2710 1965 2775 lilim

390 2814 509 2870 sequens
533 2815 628 2856 versus
655 2800 795 2856 insinuat:
826 2800 1003 2872 Sacrificium,
1032 2805 1132 2873 innuit,
1161 2813 1185 2859 et
1237 2808 1384 2863 humanum
1413 2807 1534 2879 genus⁸
1564 2806 1721 2863 insinuans.
1750 2803 1785 2858 Et
1805 2800 1826 2856 si
1844 2790 1964 2854 seniori*

391 2891 549 2947 oblationem
565 2892 797 2963 noiuirti,·eorptts
812 2903 901 2948 nutent
912 2893 1044 2964 perfecisti
1059 2895 1126 2947 milri
1139 2894 1186 2948 lto·
1237 2898 1440 2955 universitatem
1479 2898 1612 2953 bonorum
1654 2894 1813 2967 angelorum
1844 2880 1965 2972 ΜΨ,

389 2980 781 3065 ioionstnm.AeQretr
804 2984 968 3042 saerilleiurn
987 2984 1054 3057 legis
1068 2994 1094 3042 et
1108 2985 1184 3042 obla·
1238 2988 1374 3059 quomodo
1398 2986 1433 3043 de
1450 3000 1516 3057 agro
1539 2985 1639 3057 legitur
1655 2983 1778 3047 venisse,
1798 2975 1965 3040 mmmmm

389 3077 492 3132 tionem
504 3093 553 3148 pro
565 3078 725 3150 purgatione
737 3085 764 3133 el
787 3078 972 3148 redemptione
984 3077 1089 3148 peccati
1105 3091 1188 3147 gene*
1237 3080 1341 3136 etttlans
1353 3078 1424 3148 patri
1439 3078 1645 3143 succensuisse,
1669 3082 1816 3141 ceteraque
1832 3061 1964 3156 cordele·

387 3165 428 3221 ris
453 3166 565 3222 bomani
599 3166 666 3222 dare
698 3167 820 3234 noluisti,
846 3183 946 3238 eorpus
970 3177 1060 3224 autem
1085 3167 1186 3223 Cltrlsti
1238 3170 1313 3226 ritati
1329 3165 1613 3241 repugnantialllnc.
1638 3147 1964 3262 NQWQ

387 3254 526 3328 perfecisti
542 3255 619 3321 milri,
634 3258 690 3339 noo
710 3267 762 3324 est,
784 3273 834 3331 pro
856 3274 901 3316 me
919 3259 1105 3316 holocaustum
1125 3240 1223 3323 irncC
1239 3263 1273 3319 ad
1289 3262 1446 3318 solvendum
1461 3258 1595 3317 (lllllcllem
1618 3273 1675 3316 uno
1698 3256 1780 3314 monn
1794 3238 1963 3306 arlrtroremltt

388 3348 524 3420 passionis
543 3348 570 3404 in
584 3348 671 3404 altare
692 3334 796 3413 asurim
816 3351 981 3429 Quor
1005 3365 1055 3422 pro
1074 3358 1187 3422 peceato
1237 3330 1596 3427 Mammosam
1612 3350 1747 3407 censitus
1764 3341 1849 3401 ronst
1859 3327 1964 3410 potentie

389 3450 485 3497 nostro
511 3438 578 3496 nilril
601 3439 675 3497 aliud
704 3439 857 3511 postulasti.
886 3441 1094 3514 superabundat
1113 3442 1185 3498 enirn
1238 3446 1395 3502 raboleruns
1408 3444 1541 3514 siqnidem
1556 3443 1626 3499 duae
1639 3441 1748 3513 speeies
1758 3444 1828 3495 sunt.
1840 3428 1964 3499 Qulnnttl

390 3532 479 3603 gratia
491 3532 618 3588 delictum
632 3549 640 3599 ;
656 3532 908 3619 incomparabiliter
924 3535 1022 3631 Qpe
1036 3534 1097 3606 plus
1107 3533 1187 3590 nobis
1238 3545 1296 3602 est,
1311 3551 1381 3606 quae
1393 3514 1553 3591 cmttiffim
1566 3533 1690 3605 rigorem
1706 3514 1963 3589 unicornentltffl

390 3623 505 3680 contulit
523 3612 880 3694 christipassioad‘rt'ram,
900 3639 982 3693 qoam
996 3624 1186 3680 ldamtrane·
1239 3626 1388 3696 eademque
1402 3639 1432 3680 rc
1445 3619 1803 3711 wltawam
1821 3603 1963 3672 alantur*

389 3716 494 3788 gressio
508 3716 542 3773 ad
555 3725 682 3772 mortem.
699 3714 868 3789 Sirellautge
881 3714 1187 3787 aequalissitnurnertts
1239 3719 1362 3787 obtinet,
1378 3720 1479 3787 altera,
1494 3734 1564 3790 quae
1577 3718 1725 3773 transitum
1742 3715 1769 3770 in
1787 3710 1889 3767 diversor
1899 3689 1963 3752 mill

388 3807 638 3879 praevaricantium
658 3807 800 3863 bominum
815 3814 843 3863 et
864 3808 1033 3879 angelorum,
1050 3806 1108 3862 sire
1122 3808 1185 3862 ube·
1239 3820 1296 3868 mat
1310 3811 1427 3881 figuras,
1443 3823 1495 3879 pua
1511 3807 1601 3878 specie
1615 3807 1718 3863 multoe
1730 3808 1870 3860 sanctontn
1884 3788 1961 3844 Palm·

388 3895 447 3952 rior
459 3905 487 3953 et
500 3896 684 3969 multiplicior,
707 3897 744 3953 nil
759 3896 849 3953 obstat
865 3898 989 3963 credere,
1005 3905 1091 3953 toturn
1103 3908 1188 3969 genus
1239 3906 1414 3975 maximeque
1439 3904 1548 3960 beatum
1574 3903 1749 3960 Ambrosium
1777 3899 1842 3954 lrane
1862 3877 1962 3961 „ababa

389 3989 539 4044 hulllantltll
553 3996 580 4044 ct
595 3988 621 4043 ill
635 3987 745 4045 Christo
761 3984 944 4061 redemptum,
962 3996 991 4043 dl
1001 3987 1028 4042 in
1044 3984 1189 4043 caelestem
1240 3996 1401 4067 exposuisse
1426 3996 1618 4067 comperimus,
1651 3995 1745 4050 Prima
1756 3991 1852 4082 Q
1870 3966 1961 4051 lilim

389 4077 540 4135 ierusalem
571 4092 754 4136 reversurum.
777 4079 806 4135 Si
829 4082 902 4137 enim
929 4080 1051 4152 aequalis
1071 4079 1107 4137 sit
1121 4077 1143 4146 ⁸,
1159 4087 1190 4134 ut
1239 4104 1321 4161 pam,
1347 4104 1417 4160 quae
1442 4089 1469 4143 ln
1492 4089 1625 4145 divisione
1646 4098 1780 4160 paternae
1798 4061 1963 4160 subsanuari

389 4166 495 4233 ntultis,
516 4168 609 4238 quide
628 4168 727 4225 talibus
745 4178 873 4237 tractant,
885 4171 1007 4236 ridetur,
1022 4172 1056 4226 ad
1080 4171 1187 4228 laudem
1240 4183 1357 4238 senioris
1378 4181 1425 4238 filli
1440 4197 1500 4238 cum
1514 4190 1592 4252 pm
1604 4176 1816 4253 perseverantia,
1831 4159 1961 4248 adolentll

391 4259 571 4329 redemptoris
595 4259 680 4315 nostri
704 4262 715 4293 ⁸
735 4261 888 4327 suffecerit,
913 4261 990 4330 cujus
1018 4265 1189 4335 providentia
1240 4272 1333 4344 risque
1356 4272 1597 4343 peregrinatione,
1622 4271 1711 4342 partis
1734 4274 1833 4340 quoquc
1851 4247 1962 4310 callidii

391 4356 496 4404 tautum
509 4350 646 4407 humanae
657 4352 860 4409 numerositatis
872 4353 1085 4424 praeordinavit,
1101 4371 1187 4427 quan·
1240 4378 1322 4431 ruae,
1338 4377 1420 4433 quam
1435 4377 1450 4416 a
1464 4369 1542 4433 patre
1563 4369 1740 4433 susceperat,
1753 4332 1961 4422 castellenii*

390 4446 448 4494 tum
465 4448 558 4510 posset
581 4443 673 4498 mundi
697 4442 777 4512 ltnjus
797 4441 916 4515 Principi
943 4445 1085 4515 insultare,
1105 4462 1120 4502 a
1135 4463 1190 4519 quo
1241 4455 1333 4527 risque
1346 4452 1542 4518 incommodis,
1556 4466 1625 4521 quae
1638 4465 1733 4507 casum
1747 4420 1961 4504 lunantntsetli

392 4533 547 4617 mucciunt
570 4541 654 4589 toturn
679 4549 790 4605 regnunt
812 4544 921 4592 nostrae
940 4540 1190 4615 emmerammus,
1204 4580 1232 4641 D
1245 4557 1323 4615 gunt,
1346 4546 1538 4616 conrplasnrata
1559 4550 1618 4610 est,
1631 4541 1765 4613 duplicent
1783 4518 1960 4590 inenacuabili

395 4624 585 4705 [erun-Ledam
601 4623 660 4694 ejus
675 4624 881 4692 haereditatem,
896 4641 929 4681 ex
944 4642 997 4697 qua
1019 4627 1128 4686 irtdatus
1140 4645 1186 4685 so·
1243 4649 1349 4704 mmm,
1365 4634 1575 4693 intellectualem
1587 4633 1648 4691 (llcn
1661 4634 1690 4688 ln
1702 4626 1801 4699 angelis
1819 4626 1842 4675 et
1856 4595 1959 4668 wilm

394 4714 488 4786 perbia
502 4716 622 4785 dejectus
643 4713 719 4778 ‘esu
736 4714 813 4771 nobis
835 4716 861 4770 in
889 4725 1025 4773 aeternam
1040 4719 1188 4788 possessio·
1240 4730 1268 4786 ln
1283 4727 1458 4793 hominibus,
1472 4725 1631 4797 5900an
1646 4725 1674 4781 pn
1688 4710 1906 4781 memoriensem
1917 4697 1958 4760 lli*

391 4820 455 4860 nem
468 4806 615 4873 distribuit,
634 4815 663 4861 ut
678 4805 792 4877 duplicis
815 4806 942 4864 tristitiae
967 4822 1053 4878 poena
1078 4815 1188 4881 torque·
1241 4817 1297 4890 (llgl
1308 4816 1357 4872 lllll
1371 4813 1499 4887 parabola
1515 4814 1627 4871 lncloas
1641 4813 1782 4870 transtrum
1794 4786 1957 4890 tronelli!

392 4902 478 4961 retur,
503 4912 555 4952 una
579 4898 698 4968 quidem,
723 4914 775 4969 qua
801 4900 875 4972 regni
904 4900 955 4966 sni,
980 4900 1051 4971 qued
1069 4901 1186 4972 primum
1241 4907 1485 4987 miden-[reversio
1496 4904 1639 4961 bilormem
1653 4889 1837 4973 interpretandi
1849 4874 1956 4964 melli?

393 4986 531 5041 bominem
554 4988 706 5043 seducendo
730 4990 843 5059 adeptus
866 4997 918 5056 est,
937 4988 1010 5059 juste
1040 4992 1188 5049 amissione
1240 4998 1328 5054 dum:
1353 4996 1513 5068 intelligitur
1533 4995 1606 5051 enim
1619 4992 1779 5066 generaliter
1791 4985 1820 5040 de
1831 4971 1895 5067 roilli
1904 4959 1956 5013 ω’

393 5074 542 5131 secundum
563 5077 700 5133 ltontinern
719 5079 867 5135 occidendo
886 5078 1000 5148 injttste;
1017 5079 1114 5146 altera,
1132 5095 1187 5151 qua
1240 5088 1353 5145 humant
1367 5088 1475 5159 generis
1492 5094 1603 5159 propter
1620 5084 1698 5141 viruli
1716 5072 1819 5152 saginati
1834 5053 1955 5159 vtiiffl'

393 5167 511 5225 inimicis
529 5170 586 5227 suis
607 5170 751 5227 caelestem
771 5187 847 5228 suam
874 5170 1080 5237 haereditatem,
1105 5186 1187 5243 quam
1241 5179 1343 5237 christi
1356 5179 1482 5236 videlicet
1493 5194 1544 5251 pro
1557 5178 1644 5234 salute
1656 5177 1739 5233 telius
1749 5162 1830 5229 munda
1839 5144 1952 5233 ΨΜ·

394 5258 560 5329 deseruerat,
585 5262 784 5335 possidentibus
807 5262 950 5319 inridendo
968 5262 1115 5319 cruciatur·
1138 5261 1186 5318 Sin
1241 5278 1270 5327 el
1284 5237 1509 5341 smeffirbl
1529 5268 1660 5327 mannitus
1676 5260 1833 5341 parabolicae
1847 5231 1955 5314 flium*

1037 5400 1167 5457 vamme
1185 5400 1388 5460 lectiones

430 5510 595 5590 'scientium
618 5526 674 5567 om.
700 5514 732 5567 Α.
771 5516 782 5547 ²
808 5511 850 5568 CF
877 5521 1039 5581 peccatorem
1060 5527 1130 5571 estc.
1168 5512 1246 5570 ⁸Sic
1272 5513 1335 5579 (11²3
1360 5515 1383 5569 Α
1424 5515 1556 5570 roeseiret.
1593 5513 1654 5571 ‘tit
1680 5528 1734 5571 em·
1764 5502 1809 5563 CF·
1838 5482 1893 5541 ἐκ
1913 5460 1950 5525 αἱ

394 5578 489 5636 Arni.
528 5580 887 5653 ‘Srcdadodjectnsesl;
905 5581 926 5636 F
943 5583 1060 5654 objectus
1084 5592 1137 5640 est.
1176 5583 1247 5640 'Sic
1271 5584 1378 5640 cte-tt
1409 5587 1552 5641 eberesntts.
1589 5573 1868 5663 agennensem*

1153 5692 1280 5751 molen.

429 5788 575 5850 ¹Verbis:
597 5794 626 5850 in
654 5794 717 5850 nitio
739 5792 857 5851 nonalis
880 5792 961 5864 nerins
983 5790 1053 5849 nitoe
1075 5792 1188 5848 serviens
1206 5790 1311 5846 diodoto
1329 5791 1465 5864 dissiparit
1475 5792 1567 5848 llnitur
1577 5791 1637 5849 ond.
1653 5789 1685 5847 G„
