4167 6625
396 301 467 362 ttaa
1001 350 1005 358 .
1059 287 1200 359 loturus
1217 293 1316 359 suom
1906 309 1948 366 tto

395 416 511 490 ligurata
536 414 557 482 ¹,
581 423 609 471 et
633 429 720 486 neqtm
747 424 841 471 contra
869 414 1021 488 exemplata
1046 425 1074 472 et
1100 413 1166 471 doura
1180 456 1187 482 ‚
1203 425 1226 486 Β
1240 412 1421 478 invisibiliter,
1436 411 1527 468 shrine
1549 410 1690 482 principali
1707 412 1793 486 spirito
1808 428 1951 483 supernomen

395 503 484 580 noque
494 503 588 563 dillusa
600 505 886 578 etinstabilia,puram
897 508 1036 564 habebunt
1047 516 1075 564 et
1085 507 1186 563 claram
1238 505 1403 561 intellectum
1426 504 1632 559 immaterialem
1655 513 1682 559 et
1707 505 1874 562 deificationem
1892 527 1952 582 arper-

394 609 425 657 et
436 606 643 669 consequentem
655 595 780 653 iormano.
794 596 899 654 Sirene
911 597 976 668 quid
988 595 1183 668 dictaeoppor·
1238 595 1390 660 collocato,
1418 601 1445 649 et
1469 592 1558 661 Patre
1575 601 1602 648 et
1622 593 1689 649 Filio
1710 596 1777 650 ottoni
1801 600 1924 665 paternitate
1938 611 1953 659 ot

395 690 519 748 tuttitatis
532 686 673 754 deiecerit,
688 687 741 743 ione
759 702 841 744 causa
857 688 911 743 erit
933 688 1187 758 imparticipationis
1237 684 1953 766 liliolitatediuinasupereminenteretatitatisiloqneonio

394 790 422 839 et
447 779 631 845 obscuritatis,
655 787 683 835 et
709 765 832 835 aliorum¹
849 793 1036 849 quaecumque
1060 777 1186 848 ittoppor·
1237 787 1279 832 est
1298 777 1412 847 diligens
1426 775 1577 830 similitudo
1591 776 1736 830 causativis
1748 786 1773 829 ut
1786 779 1912 842 canabina,
1927 783 1955 839 oet

394 873 503 931 tunitati
535 871 752 943 participationis
781 867 858 927 liunt
891 869 1060 924 liiscerroitur
1096 876 1187 922 autem
1236 865 1338 922 habent
1360 866 1467 936 quoidam
1486 866 1623 920 causativa
1645 866 1788 921 causalium
1810 873 1956 938 receptaslno

393 964 463 1021 bene
478 965 575 1021 decora
592 963 619 1018 in
632 979 681 1019 nos
700 961 791 1018 diuina
806 961 964 1031 operatione
975 959 1123 1014 secondom
1137 974 1186 1015 nos
1237 958 1325 1029 gines;
1337 971 1368 1012 eo
1380 972 1445 1013 uero
1457 957 1576 1013 causalia
1588 958 1733 1012 causativis
1750 969 1893 1014 remoraretur
1903 971 1920 1016 et
1929 979 1956 1018 st·

393 1070 428 1114 ox
442 1055 520 1112 nobis
537 1054 729 1110 uniuersaliter
753 1062 781 1109 et
800 1067 865 1108 rere
878 1049 1090 1107 substantificari
1105 1065 1186 1121 snpe-
1237 1050 1538 1124 percoilecantorjnuta
1548 1052 1649 1122 proprii
1662 1051 1782 1124 principii
1793 1054 1957 1113 minuamini

393 1145 553 1205 ressontiale
567 1145 698 1213 Verbum,
713 1155 741 1201 et
764 1145 869 1215 operari
886 1153 914 1200 et
927 1143 994 1216 pati,
1009 1158 1186 1214 quaeeunque
1237 1140 1384 1196 secundom
1409 1156 1458 1197 rans
1481 1151 1541 1196 utar
1561 1142 1704 1211 exemplis,
1721 1142 1826 1197 deliciae
1844 1154 1866 1199 ct
1877 1147 1957 1203 trisitite

393 1235 598 1294 humanationis
612 1233 691 1304 ejus,
709 1233 800 1290 diuino
817 1234 924 1289 actione
941 1242 1006 1289 sunt
1026 1232 1143 1288 discreta
1160 1241 1187 1288 et
1237 1229 1363 1290 fficurntor
1375 1232 1514 1290 ellectiuae
1528 1233 1680 1289 delectandi
1695 1245 1721 1289 et
1734 1236 1887 1291 contristandi
1897 1255 1902 1290 :
1914 1239 1967 1307 ipae¹

392 1341 499 1384 summe
521 1326 652 1381 miranda.
673 1323 720 1379 llis
732 1324 805 1380 enim
825 1321 905 1379 Pater
917 1334 944 1380 et
958 1322 1077 1395 Spiritus
1089 1337 1186 1379 secun·
1237 1335 1302 1380 vero
1320 1339 1408 1395 neque
1429 1324 1618 1391 delectantur,
1649 1337 1737 1395 neque
1760 1326 1959 1394 contristantur,et

392 1418 458 1474 dum
478 1416 545 1473 nibil
559 1416 761 1473 communicare
783 1415 876 1484 uerbo,
892 1416 946 1471 nisi
961 1415 997 1471 lbi
1012 1415 1074 1487 quis
1087 1416 1186 1473 dixerit
1237 1414 1308 1486 ignis
1323 1414 1426 1471 calidus
1437 1424 1465 1469 et
1481 1415 1580 1470 ardens
1594 1430 1648 1471 non
1667 1415 1770 1472 dicitur
1790 1416 1827 1470 ori
1837 1425 1860 1470 et
1875 1416 1958 1472 altiori

392 1505 541 1564 secondum
554 1507 685 1577 optimam
699 1515 727 1562 et
746 1506 893 1561 humanam
910 1506 1087 1575 voluntatem,
1102 1513 1129 1562 et
1144 1523 1186 1565 sc·
1237 1505 1272 1560 llt
1287 1506 1378 1561 virere
1401 1505 1424 1562 si
1444 1505 1506 1576 quis
1519 1504 1592 1560 dicat
1605 1520 1656 1576 per
1678 1521 1709 1562 se
1726 1506 1808 1577 ipsam
1820 1507 1958 1571 ritanmt'tio·

392 1600 510 1656 cundum
523 1598 881 1669 onmemsupereminentem
892 1606 919 1653 et
930 1599 1185 1656 arcanarodtuinam
1237 1591 1336 1652 ntinari
1352 1611 1400 1666 per
1417 1609 1446 1652 se
1464 1596 1552 1667 ipsunt
1569 1595 1678 1663 iontem,
1693 1613 1747 1654 non
1766 1597 1959 1653 recteuloitsecuo

392 1689 588 1759 operationem,
606 1688 634 1743 in
661 1688 672 1720 ²
692 1703 744 1758 qua
762 1697 889 1758 operatus
903 1696 944 1743 est
965 1687 1113 1744 secundum
1135 1704 1185 1746 tros
1238 1691 1301 1745 dont
1314 1698 1434 1745 nostram
1451 1689 1596 1756 rationem,
1610 1689 1663 1746 nisi
1685 1689 1731 1745 ubi
1743 1689 1816 1762 jutta
1828 1689 1960 1746 attentatae

393 1777 482 1832 iactus
505 1776 733 1832 incommutabilis
759 1774 848 1842 licus,
873 1784 901 1831 et
924 1773 971 1832 bei
991 1775 1120 1833 Verbum.
1140 1769 1301 1836 Steiiutett
1329 1780 1459 1845 modona,
1485 1779 1548 1849 qula
1575 1780 1684 1836 abunde
1708 1783 1737 1836 'et
1761 1779 1910 1834 esseonhiitrr
1924 1789 1961 1834 anta

392 1881 421 1926 et
438 1885 486 1924 nos
506 1868 596 1923 diuina
619 1878 647 1923 et
670 1867 820 1938 intelligere.
843 1871 963 1938 ratione,
983 1880 1010 1926 et
1034 1871 1189 1928 discernere
1234 1870 1327 1925 insunt
1351 1870 1419 1926 haec
1434 1870 1636 1926 causativorum
1661 1872 1824 1928 causalibus.
1843 1867 1884 1927 sat
1902 1874 1961 1928 etin

392 1961 552 2018 festinemus
573 1961 594 2028 ⁸,
622 1962 757 2031 quomodo
781 1977 813 2018 ea
845 1963 934 2018 divina
961 1972 988 2017 et
1010 1964 1139 2019 nroiontnr
1161 1974 1188 2020 er
1234 1959 1317 2014 totius
1341 1959 1491 2030 theologiae
1530 1960 1783 2016 rutaoaiiestissiruom
1805 1964 1961 2017 mauritanae

397 2057 597 2112 discernuntur.
626 2053 680 2111 Sed
704 2055 799 2111 barum
820 2056 928 2126 quidem
948 2066 976 2112 et
999 2058 1134 2112 unitatum
1160 2067 1188 2114 et
1233 2047 1295 2106 lesu
1308 2047 1396 2106 diuina
1410 2049 1539 2107 loraotatio
1552 2060 1579 2106 et
1593 2067 1694 2108 arcana
1719 2062 1762 2108 est
1781 2053 1866 2107 rationi
1880 2053 1961 2118 ononiot

397 2147 590 2205 discretionum
605 2164 781 2220 quouscunque
802 2148 828 2203 in
848 2148 963 2221 eloquiis
975 2149 1081 2204 divinas
1093 2167 1189 2207 causas
1233 2140 1370 2214 incognita
1387 2141 1534 2195 ῑῐῐῑθῑῑθθῑΰῑ
1558 2141 1650 2205 (titini,
1665 2150 1694 2197 θῑ
1710 2142 1760 2212 ipsi
1779 2142 1903 2211 hiieslitdl
1914 2142 1962 2195 bitti

392 2239 558 2305 invenimus,
572 2239 600 2294 ln
615 2238 775 2311 theologicis
789 2240 1009 2305 characteribus,
1026 2243 1135 2313 propria
1155 2243 1189 2298 tic
1234 2230 1456 2287 iibllssiiissOiuili
1473 2230 1639 2301 abdemium·
1659 2229 1697 2286 Et
1718 2230 1821 2301 quidem
1834 2231 1960 2286 ririiitoreon

391 2345 555 2400 unoquoque
570 2330 762 2401 percipientes,
773 2338 903 2399 platanium
915 2333 1053 2402 possibile,
1065 2333 1188 2403 pqppspi.
1233 2324 1478 2406 diib'sddhlllicdldm
1495 2322 1588 2388 luisse,
1604 2324 1721 2394 illysllce
1734 2324 1873 2395 decepimus
1883 2343 1888 2375 :
1899 2324 1962 2393 igtititb

390 2434 453 2474 mus
469 2439 476 2473 ;
490 2433 522 2474 aa
543 2419 653 2488 quidem
676 2418 825 2488 relegentes
847 2435 911 2476 tera
936 2421 1041 2475 ratione
1062 2429 1089 2476 et
1110 2421 1190 2490 repii-
1232 2432 1293 2473 mus
1317 2429 1402 2483 uero,
1429 2415 1564 2485 quomodo
1593 2430 1625 2470 ea
1649 2415 1826 2494 uirgiuabhus
1846 2415 1963 2486 sanguinis

391 2514 500 2568 cantes,
517 2513 544 2560 et
558 2517 666 2560 sacrum
688 2514 717 2560 et
732 2505 880 2561 revelatum
907 2505 1072 2565 intellectum
1086 2510 1112 2564 in
1129 2526 1188 2567 utra·
1232 2505 1317 2561 altera
1332 2506 1402 2561 oltra
1415 2513 1541 2560 naturam
1557 2504 1616 2577 lego
1628 2504 1765 2562 leonnatus
1779 2517 1832 2570 est,
1845 2503 1962 2575 etpumia

391 2595 489 2652 nlicsta
505 2591 673 2664 eloquiorum
686 2596 838 2666 spectacula
853 2598 1040 2655 adducentes:
1069 2601 1112 2654 bis
1124 2615 1188 2657 uero
1232 2595 1313 2655 siccis
1340 2598 1470 2668 pedibus,
1496 2598 1664 2669 corporalem
1694 2599 1792 2655 ntalem
1814 2598 1935 2654 loborantur
1949 2605 1963 2649 ot

394 2685 462 2767 ut„⁸
485 2684 606 2756 mysticis
631 2694 658 2739 et
689 2686 835 2740 secundum
872 2687 990 2742 divinam
1014 2690 1196 2745 traditionem·
1232 2691 1363 2746 materiae
1387 2692 1569 2763 grauitatem,
1591 2691 1824 2762 superambulavit
1844 2689 1963 2745 brutniiamrt

391 2791 473 2848 super
499 2776 706 2831 intellectualem
735 2779 920 2854 operationem
952 2784 1063 2836 retrusi.
1091 2783 1187 2838 Otnuia
1232 2783 1385 2839 instabilem
1401 2786 1547 2840 essentiam
1563 2801 1585 2849 ¹,
1605 2794 1633 2840 et
1657 2785 1963 2858 alia,quaccunquesupcr

390 2868 462 2925 enirn
477 2867 578 2932 diuina,
604 2873 632 2921 ct
653 2879 831 2939 quaecunque
855 2870 932 2925 ttolris
957 2872 1185 2940 manifestantur,
1231 2873 1363 2929 naturalis
1375 2883 1438 2928 sunt
1450 2874 1514 2929 lesu
1526 2873 1724 2947 physiologiae.
1737 2874 1808 2931 ilaec
1820 2884 1893 2930 autem
1903 2869 1963 2924 anit

389 2958 540 3030 participiis
565 2959 630 3015 solis
653 2957 867 3030 cognoscuntur.
894 2961 965 3016 ilaec
984 2972 1074 3018 autotu
1096 2964 1186 3034 qualia
1230 2964 1258 3019 itt
1275 2964 1335 3022 nilis
1348 2963 1511 3021 sufficienter
1524 2967 1594 3022 dicta
1618 2975 1701 3032 sunt,
1719 2973 1747 3022 et
1762 2967 1870 3037 glorioso
1887 2963 1963 3019 docete

390 3051 500 3120 quando
528 3059 592 3107 sunt
620 3052 769 3108 meandum
797 3055 934 3124 proprium
960 3057 1122 3127 principium
1158 3067 1185 3113 er
1231 3053 1507 3124 cundnmthcologica
1524 3049 1964 3112 suaoltscdracommentaiattaotn

390 3140 613 3207 tundamentum,
642 3155 723 3213 snper
746 3142 911 3199 intellectum
929 3155 1010 3208 sunt,
1030 3157 1058 3200 et
1074 3161 1181 3203 ontnem
1196 3136 1219 3200 C
1234 3146 1654 3217 uaitlesopernatutaiiter.Quae
1668 3151 1780 3221 quitiam
1794 3149 1889 3205 iiiesirc
1899 3145 1964 3202 tatu

389 3229 537 3285 essentiam
548 3238 577 3285 ct
589 3231 748 3287 scientiam:
761 3236 1181 3307 ntsuuperessentiaieoccuritum,
1234 3235 1369 3309 theologis
1393 3240 1517 3310 accepit,
1534 3240 1591 3295 site
1609 3253 1644 3296 ex
1659 3241 1833 3312 disciplinata
1854 3239 1964 3309 eloquium

389 3319 493 3385 licum,
520 3328 568 3376 aot
586 3321 688 3389 riman,
703 3334 749 3378 aot
767 3327 933 3391 essentiam,
949 3338 996 3383 aaut
1011 3329 1120 3397 innuen,
1136 3341 1184 3387 aut
1234 3330 1388 3388 intentione
1411 3332 1595 3390 cotrsiderauit
1611 3374 1619 3401 ,
1645 3347 1680 3389 ex
1705 3335 1791 3390 nutrita
1815 3335 1877 3390 circa
1893 3332 1965 3386 tractu

390 3409 523 3465 rationem
548 3412 705 3479 nominare,
722 3415 830 3485 quidem
847 3418 914 3473 nihil
928 3419 1042 3475 aiterum
1057 3423 1182 3494 inteiligi-
1234 3422 1427 3478 exercitatione
1438 3429 1466 3479 et
1478 3424 1591 3493 peritia,
1607 3425 1664 3480 site
1689 3424 1774 3481 eiiam
1791 3442 1823 3482 ex
1835 3422 1966 3497 qualinam

390 3514 462 3564 mus,
473 3514 553 3569 quam
565 3501 592 3555 in
605 3517 654 3556 nos
664 3518 697 3559 ex
709 3506 767 3573 ipso
777 3509 922 3575 productas
935 3512 1048 3567 rirtotes
1059 3513 1182 3582 sicilicos,
1233 3510 1306 3566 ditus
1326 3512 1361 3566 sit
1376 3511 1510 3566 diviniore
1524 3512 1718 3583 inspiratione,
1735 3526 1789 3569 non
1811 3512 1884 3568 seium
1894 3506 1965 3567 traua

389 3600 436 3646 aut
445 3592 657 3661 snbstantiiicas,
671 3602 718 3651 aut
728 3596 801 3650 uitae
813 3600 966 3668 genitrices,
977 3614 1023 3656 aut
1034 3604 1183 3674 sapientiae
1233 3601 1280 3656 seui
1290 3609 1318 3655 et
1327 3598 1439 3656 allectus
1451 3600 1551 3668 diriora,
1562 3611 1589 3658 et
1602 3618 1634 3658 ex
1647 3602 1705 3673 ipsa
1718 3605 1753 3660 ad
1765 3604 1829 3660 baec
1839 3601 1965 3659 coodmtiott.

388 3680 559 3737 donatrices:
569 3683 655 3754 ipsum
665 3699 728 3740 uero
736 3683 813 3753 jurata
825 3690 945 3744 oninium
958 3690 1181 3752 intellectualium
1233 3693 1255 3746 si
1278 3692 1316 3746 sie
1331 3699 1439 3761 oportet
1451 3693 1551 3759 dicere,
1565 3691 1598 3748 nd
1615 3695 1792 3751 indocibilem
1805 3708 1887 3751 eorum
1898 3698 1917 3747 ot
1926 3702 1966 3758 top

388 3771 576 3840 opterationum
597 3788 647 3843 per
664 3771 782 3829 iructum
806 3777 1002 3845 desideramus,
1020 3781 1120 3838 nuliam
1144 3785 1183 3839 oi·
1233 3783 1314 3837 ticam
1337 3783 1475 3853 perlectus
1490 3786 1619 3838 uanitatem
1642 3790 1670 3840 et
1693 3786 1787 3842 ddertt.
1800 3786 1831 3842 Et
1845 3793 1869 3841 ot
1887 3782 1966 3837 marius

387 3858 482 3917 ‘¹⁰¹¹‘ssss
504 3862 723 3931 deiflfflli‘inssffl,
748 3879 796 3921 ³1¹1
820 3869 920 3937 tituto,
947 3880 993 3926 aut
1014 3876 1181 3944 essentiam,
1232 3874 1311 3928 beata
1343 3874 1494 3944 spectacula
1524 3864 1641 3945 putentls
1672 3876 1748 3933 illius
1781 3867 1965 3946 intelligentiore

387 3963 457 4018 quae
483 3950 627 4022 diiigenter
650 3954 747 4010 similis
773 3966 814 4012 est
827 3961 947 4015 onimium
974 3977 1094 4020 remotae
1104 3966 1182 4037 jurata
1233 3966 1352 4021 minimis
1366 3967 1513 4031 adulantes,
1536 3964 1605 4023 itaec
1618 3968 1651 4023 rie
1665 3952 1731 4024 lesu
1753 3972 1792 4025 ait
1811 3968 1835 4024 in
1853 3960 1965 4024 coiierdsd

389 4055 496 4096 omnam
507 4047 874 4111 snpererninentiarneansae.
887 4048 986 4107 iterum
997 4056 1061 4126 quoia
1075 4059 1181 4127 quottieno
1232 4064 1265 4110 eo
1279 4055 1436 4126 titeningicis
1451 4056 1574 4111 etrscrtris
1586 4059 1759 4115 cotttutoutis.

388 4136 431 4185 eoi
456 4127 567 4186 letatalis
594 4133 682 4188 deitas
702 4134 792 4200 Pater,
813 4137 897 4193 Filius
913 4149 1003 4197 autern
1017 4150 1044 4199 ct
1066 4146 1182 4217 Spiritus

388 4218 437 4275 liei
451 4221 591 4292 genitricis
604 4223 724 4292 deitatis,
738 4229 762 4281 si
775 4229 813 4283 sic
823 4232 931 4300 oportet
951 4233 1054 4303 dicere,
1069 4235 1181 4294 lunaticos

388 4313 444 4368 lieo
460 4315 619 4384 germinati,
643 4326 671 4373 et
694 4319 775 4375 ueluti
801 4320 881 4378 dores
900 4333 928 4379 et
942 4331 1181 4397 superessentialia
1266 4318 1391 4374 ommim
1403 4338 1483 4375 istut-t
1498 4332 1521 4375 εἰ
1537 4322 1659 4393 'sestilio
1671 4322 1738 4380 detti
1754 4326 1841 4389 delita,
1854 4333 1921 4393 portu
1932 4318 1965 4372 oo
1984 4322 1985 4353 ³

387 4399 502 4469 lumino,
515 4420 547 4459 ea
560 4406 728 4465 ntirabiiibus
738 4410 852 4480 eloquiis
867 4416 1034 4486 accepimns:
1047 4424 1180 4490 quomode
1232 4412 1325 4465 illidii
1338 4427 1465 4465 ⁶⁰i¹³⁰t¹tt⁸
1489 4416 1604 4478 tollunt,
1617 4425 1639 4468 ct
1653 4430 1736 4486 oreque
1747 4430 1818 4486 pori.
1833 4430 1899 4485 neque
1915 4418 1964 4461 ‘⁰¹⁸¹

388 4503 478 4549 autem
498 4497 565 4550 itaec
588 4506 666 4564 stttrt,
690 4516 777 4571 nequo
791 4502 897 4568 dicere,
921 4522 1007 4578 nequae
1030 4510 1180 4582 intelligere
1195 4489 1219 4549 ⁰
1232 4512 1281 4569 ευ,
1297 4513 1321 4557 et
1337 4512 1419 4557 totum
1435 4515 1458 4557 θ(
1469 4522 1540 4574 poro,
1557 4517 1585 4559 ut
1601 4522 1677 4561 omitt
1689 4518 1713 4561 ot
1730 4514 1827 4577 parient
1843 4516 1864 4561 et
1885 4500 1964 4558 totonis

387 4584 515 4653 possibile
539 4592 590 4641 est.
608 4586 661 4642 Sed
676 4592 808 4659 usquead
829 4593 881 4647 boc
897 4598 985 4652 omnis
1006 4608 1115 4654 nostrae
1139 4604 1180 4658 in·
1233 4597 1368 4666 semetipso
1392 4596 1548 4663 corrtrubicna,
1574 4609 1598 4653 et
1615 4600 1818 4668 supereminens,
1833 4610 1852 4653 et
1872 4592 1962 4651 cardius

388 4674 548 4730 tellectualis
561 4676 675 4733 actionis
692 4680 789 4745 uirtus,
804 4683 866 4752 quia
880 4687 968 4741 ononis
982 4688 1071 4743 divina
1085 4702 1177 4760 proter·
1233 4685 1353 4756 turpem
1365 4688 1470 4757 qtddtut
1484 4699 1520 4741 cst
1532 4690 1559 4741 t'u
1572 4690 1740 4759 inspeciosus,
1753 4702 1780 4744 nt
1789 4687 1894 4760 perfectio
1903 4678 1962 4754 priori

388 4762 460 4817 nitas
487 4774 514 4819 et
541 4764 659 4822 tttioiitas
684 4782 718 4824 ox
740 4772 859 4827 amariora
886 4784 990 4831 retracta
1016 4780 1177 4848 paternitate
1230 4775 1315 4845 oolla:
1335 4776 1486 4845 irnperlectu
1506 4794 1565 4832 uero
1588 4780 1891 4850 interfectionemque·
1907 4784 1963 4841 opr-

389 4852 531 4923 prtnetpatt
554 4863 583 4910 at
608 4855 740 4914 ttttotttare
766 4861 907 4932 prtootpott
932 4864 943 4895 ⁵
967 4865 1065 4922 donata
1091 4879 1132 4924 eat
1151 4880 1180 4928 et
1228 4866 1343 4937 perlecto
1356 4877 1379 4920 or
1390 4869 1587 4939 anteperfecta:
1603 4870 1689 4939 lormo
1705 4874 1869 4944 formificans,
1881 4862 1962 4932 tototo-
1984 4870 1985 4917 t

389 4942 468 4998 nobis
481 4952 509 4998 et
522 4947 765 5015 supercaelestibus
775 4951 930 5022 uirtutibus,
945 4969 979 5010 ex
993 4967 1085 5025 quaet
1101 4959 1139 5014 dii
1152 4970 1180 5015 ct
1229 4957 1325 5024 mlius,
1340 4967 1465 5029 tanquam
1485 4959 1570 5029 formo
1584 4962 1755 5032 principalia:
1771 4965 1879 5035 inieratis
1894 4959 1913 5011 io
1923 4954 1961 5023 totio
1984 4962 1985 4987 ¹

390 5035 501 5091 deorsum
512 5043 604 5104 patres
613 5036 760 5097 dedecores
774 5040 888 5108 linotet
900 5045 1073 5101 nominantur
1084 5050 1177 5116 anitni,
1228 5046 1331 5117 peonio,
1343 5059 1467 5118 tnnqourtt
1477 5051 1645 5120 superlunaris
1660 5056 1770 5109 cesentio
1784 5053 1856 5106 totirn
1868 5044 1960 5104 estotim
1984 5086 1985 5123 ,

389 5127 565 5199 spiritualiter
586 5129 691 5187 scillcet
712 5132 759 5188 tali
786 5135 950 5205 patenuitate
973 5144 1001 5190 et
1017 5136 1179 5193 ttttotuato·
1227 5137 1448 5192 incontaminatus
1475 5141 1687 5210 superpredienu,
1714 5153 1738 5198 et
1753 5132 1959 5210 auprmmdrlt'im
1984 5128 1985 5219 ,

389 5219 526 5288 perlecta,
548 5221 600 5276 boc
612 5231 672 5287 est,
697 5223 914 5293 incorporaliter,
937 5224 1175 5295 immaterialiter,
1229 5230 1299 5283 omni
1310 5230 1422 5284 assentio
1436 5240 1545 5299 remoto,
1568 5242 1622 5287 totu
1634 5235 1763 5308 principio
1775 5242 1797 5291 ct
1809 5234 1896 5290 ordiner
1907 5220 1959 5280 dett'·

518 5296 637 5332 *ψ’
1030 5337 1157 5396 tautae
1175 5340 1374 5399 mutones.
1468 5393 1470 5399 .

390 5423 678 5549 o„,{,¹,¹{,‘},”¹⁵ss{⁴,'“'⁵”“·
717 5427 904 5483 ‘tonnae
943 5431 1009 5486 ’aa
1023 5432 1190 5502 ratrammo.
1219 5434 1295 5495 aaa
1309 5444 1345 5490 er.
1381 5434 1426 5490 ἰι
1440 5435 1568 5506 praetorto
1579 5439 1718 5512 prompto
1732 5457 1783 5499 om.
1797 5439 1845 5497 on.
1876 5427 1954 5501 mut

1286 4188 1453 4245 Surrctlaalutl
1464 4190 1577 4247 ierothei
1590 4210 1623 4248 eo
1637 4196 1791 4267 theologicis
1809 4194 1935 4251 comani.

1142 5590 1264 5651 NOTAE.

427 5687 441 5715 ¹
460 5675 553 5731 blattis.
567 5676 623 5732 Xlll
637 5693 644 5745 ;
660 5676 743 5734 liare.
766 5677 813 5743 lll;
827 5676 904 5734 Joau.
922 5677 963 5734 lt.
