4167 6625
887 535 1077 604 Pucnttttttt.
1723 557 1791 598 artu

170 648 283 723 menti,
301 669 382 732 quus
402 659 541 732 versioni
556 679 689 741 operum
707 665 736 727 S.
752 666 898 748 Dionysii
912 672 1092 746 subiunxit,
1111 671 1310 750 apertissime
1328 671 1477 751 produnt.
1494 672 1573 734 Sunt
1585 669 1670 733 cutim
1687 668 1788 736 talcst

557 811 697 871 Nobilibus
708 817 843 885 quondam
856 818 946 876 iceras
963 829 1117 881 constructa
1130 823 1263 893 patronis,

597 880 711 940 Subdita
724 901 796 942 nuuc
808 889 894 945 serris
904 890 970 945 beu!
985 892 1064 956 male,
1082 893 1178 960 Roma,
1193 893 1259 948 ruls.

562 948 711 1009 Deseruere
722 956 759 1009 tul
774 964 850 1012 tauto
864 967 890 1014 te
902 968 1024 1029 tempore
1037 977 1124 1033 reges,

597 1019 686 1077 Cessit
696 1030 725 1078 et
734 1025 767 1079 ad
782 1024 901 1084 Graecos
914 1043 1011 1085 nomen
1029 1030 1168 1101 bouesque
1179 1038 1250 1086 tuus.

560 1087 806 1163 Constantinopolis
822 1095 921 1154 lloreur
934 1112 1003 1155 uera
1017 1100 1102 1157 lloma
1116 1110 1238 1167 vocatur,

502 1157 524 1182 ⁴
595 1157 713 1216 lluribus
723 1170 752 1218 et
765 1167 849 1221 muris
861 1165 947 1223 Rama
960 1179 1064 1226 vetusta
1078 1169 1163 1226 cadis.

558 1225 677 1285 t’rsnnu
689 1230 841 1303 imperium,
856 1237 1008 1308 mansitque
1021 1240 1147 1310 superbla
1163 1248 1261 1304 oecum,

594 1294 688 1355 Cultus
702 1303 832 1358 avaritiae
843 1313 870 1360 te
884 1306 997 1363 nimium
1009 1317 1128 1379 superat.

562 1364 664 1436 vulqus
675 1369 711 1425 ab
724 1375 853 1431 extemis
865 1375 1026 1433 distractum
1038 1379 1160 1447 partibus
1172 1378 1258 1444 orbis,

593 1432 739 1494 Servorum
749 1442 831 1509 servi,
846 1459 918 1500 uuna
930 1444 979 1501 tibi
993 1456 1057 1503 suut
1070 1447 1183 1505 domini.

556 1502 587 1566 lu
601 1509 628 1561 te
642 1506 783 1576 nobilium,
795 1519 931 1569 tectarum
943 1529 1026 1574 uento
1038 1518 1179 1584 remansit,

593 1573 755 1647 luqeuuique
767 1580 804 1636 tui
820 1597 883 1638 rura
902 1583 1008 1655 pelasga
1021 1586 1125 1643 colunt.

556 1639 698 1701 Turocattl
714 1648 789 1705 circa
799 1652 901 1708 crudeli
918 1653 1030 1711 vulnere
1042 1665 1163 1722 muetos,

592 1710 713 1772 Vendere
725 1733 797 1774 nunc
811 1720 908 1776 borum
922 1732 1029 1780 mortua
1042 1728 1164 1782 membra
1176 1725 1257 1783 ecles.

557 1778 617 1839 tam
630 1782 658 1837 nl
673 1791 699 1839 te
712 1788 917 1846 meritumPctri
929 1791 1057 1862 Paulique
1072 1793 1185 1859 leverat,

578 1869 581 1877 ·
593 1848 791 1925 Temporalem
802 1857 883 1931 longa
895 1859 982 1919 llcma
996 1864 1101 1921 arbella
1114 1864 1195 1921 tores.

208 1951 275 2016 llos
302 1970 427 2020 versus,
460 1959 530 2024 siue
553 1966 716 2048 scriptoris
732 1974 863 2040 nomine
882 1977 986 2043 editos
999 1997 1035 2044 au
1050 1998 1124 2064 opp.
1138 1983 1242 2047 Bedua
1260 1982 1311 2047 ed.
1326 1980 1420 2046 Busil.
1432 1998 1461 2044 a.
1481 1979 1559 2043 tsss
1576 1978 1615 2038 T.
1647 1991 1704 2054 ,p
1725 1973 1795 2035 538·

167 2068 222 2131 ed.
251 2070 363 2137 Coton.
379 2077 416 2137 T.
440 2080 466 2154 l,
484 2097 516 2162 p.
536 2082 606 2158 ibi,
623 2104 658 2151 re
675 2105 750 2161 tera
762 2092 895 2160 loannis
913 2096 998 2162 Scoti
1014 2118 1100 2176 esse,
1116 2109 1266 2167 auctores
1282 2108 1358 2166 sunt
1382 2100 1510 2164 codices
1536 2111 1660 2161 ueteres
1677 2092 1797 2168 ,Mana-

166 2196 278 2260 ceusis
294 2199 460 2279 Otblonis,
472 2203 538 2268 duo
554 2203 833 2285 vindobonenses,
846 2218 878 2276 et
900 2214 1207 2294 Fiirstenlaldensis,
1226 2238 1322 2301 supra
1350 2218 1483 2283 laudati.
1507 2213 1634 2289 Quibus
1662 2210 1794 2292 quidem

164 2310 322 2376 omnibus
338 2316 378 2380 ad
394 2318 513 2382 calcem
524 2324 684 2389 versionis
700 2325 783 2390 illud
798 2345 926 2398 carmen
946 2334 1091 2400 additum
1107 2344 1167 2401 est.
1185 2341 1297 2424 Neque
1315 2339 1349 2402 id
1374 2344 1406 2402 te
1421 2351 1553 2399 morare
1567 2332 1690 2404 edebat.
1706 2328 1795 2412 quod

163 2427 268 2508 tegis,
286 2431 400 2513 vulqus
413 2435 451 2499 cb
465 2441 610 2504 catrcmis
622 2441 808 2508 distructum
816 2450 964 2526 portibus
975 2454 1074 2533 orbis,
1088 2475 1249 2521 sucorum
1262 2477 1377 2533 scruas,
1394 2458 1506 2520 Romae
1530 2453 1699 2517 dominura.
1715 2450 1797 2526 Qut-

162 2550 227 2613 bus
242 2552 295 2616 rix
309 2551 445 2620 dubium
464 2563 524 2634 est,
542 2559 621 2640 quin
634 2560 854 2643 intelligantur
869 2568 1031 2648 Saraceni,
1050 2574 1108 2655 qui
1120 2592 1159 2639 co
1177 2582 1323 2657 tempore
1340 2578 1470 2657 saepius
1483 2576 1605 2640 serrum
1618 2570 1797 2637 'flammam-

163 2685 232 2748 que
244 2669 365 2735 Romae
378 2672 621 2738 minitabantur.
640 2675 722 2740 Vide
735 2671 901 2760 tt'uratort,
918 2686 1037 2752 lunuli
1051 2691 1187 2768 ditatis,
1205 2695 1244 2759 T.
1261 2695 1300 2758 v.
1580 2675 1583 2682 ¹

207 2790 354 2857 Slautem
363 2763 503 2860 loannes
512 2796 624 2858 Suetus
637 2795 666 2858 is
677 2795 751 2873 luit,
762 2797 799 2861 id
806 2804 892 2882 quod
902 2804 968 2885 Jam
985 2810 1039 2872 rir
1049 2811 1188 2877 dubitari
1202 2830 1297 2893 posse
1309 2814 1446 2888 ridetur,
1461 2814 1518 2894 qui
1529 2811 1797 2877 Graecissauctue

163 2906 360 2988 apostolicae
381 2910 451 2974 sedi
474 2913 705 2982 reluctantibus
731 2917 766 2981 in
783 2920 857 2985 aula
879 2921 977 3005 Regia
997 2931 1174 2997 Parisiensi
1197 2932 1331 3010 laverat,
1348 2936 1428 3016 quio
1451 2938 1583 3015 mirum,
1601 2937 1689 3018 quad
1704 2937 1798 2999 Nice·

164 3025 238 3088 leus
252 3026 286 3088 P.
302 3026 318 3087 l
332 3027 402 3109 regi
427 3033 600 3109 opprobrie
616 3035 721 3112 vortit,
737 3039 824 3119 quod
848 3041 924 3108 libri
949 3048 980 3111 S.
994 3050 1147 3130 Dionysii
1163 3052 1203 3116 ab
1218 3054 1343 3117 launna
1355 3055 1453 3118 Scato
1467 3054 1656 3118 iulatiuum
1670 3066 1798 3118 sermo·
2018 3117 2031 3140 ‚‚

166 3158 245 3212 nem
273 3147 418 3209 conuersi
445 3149 767 3234 sineapprobationa
793 3163 968 3239 apostolica
989 3166 1025 3228 iu
1049 3167 1167 3250 vulgus
1199 3170 1312 3235 emissi
1335 3171 1414 3249 sint,
1440 3174 1659 3257 postulatque,
1682 3180 1718 3239 ut
1740 3173 1797 3238 illo
1846 3201 1872 3298 't'
1896 3163 2043 3282 *star*

168 3267 323 3342 loannes,
341 3269 397 3336 cui
408 3288 471 3361 narr
487 3290 558 3335 saue
569 3292 677 3354 sapere
689 3279 724 3341 iu
739 3281 922 3361 quibusdum
939 3286 1094 3369 frequenti
1105 3306 1230 3353 rumara
1240 3288 1378 3370 dicutur,
1391 3293 1511 3358 Romae
1527 3298 1796 3374 repraesentetur,
1887 3332 1914 3385 ,ι
1962 3285 2004 3397 “l
2021 3303 2035 3357 t

167 3393 325 3450 autcurte
342 3388 486 3451 astuitia
503 3389 689 3468 Parisieusi,
708 3396 799 3477 qu‘us
824 3399 944 3480 capital
965 3400 1041 3464 oiim
1062 3405 1160 3484 [uisse
1185 3406 1398 3487 perhibeatur,
1423 3418 1638 3491 removeatur,
1663 3431 1701 3475 uc
1726 3430 1796 3477 cum
1846 3406 1866 3453 ⁸³
1895 3374 1954 3445 ἴω

165 3506 276 3573 tritico
299 3508 384 3569 sacri
398 3506 516 3592 eloquii
532 3527 631 3591 praua
648 3518 792 3584 zizaniae
806 3530 832 3583 rt
848 3522 920 3587 totu·
932 3527 1058 3589 miscere
1075 3526 1292 3607 liquarentur,
1308 3541 1337 3593 at
1351 3550 1462 3612 punem
1476 3535 1695 3616 quaerentibus
1710 3553 1798 3598 ceuc-

167 3639 244 3689 num
256 3625 415 3705 parripct.
432 3627 517 3700 Quid
532 3631 682 3700 Nicoleus
699 3638 789 3706 hisce
806 3642 908 3709 literis
924 3647 993 3711 suis
1013 3648 1193 3728 profecerit,
1201 3652 1383 3731 ‘memoriae
1398 3670 1466 3718 nou
1484 3654 1644 3735 proditur.
1844 3624 1883 3719 i<

207 3740 319 3824 Neque
337 3744 399 3809 hoc
416 3747 487 3811 loca
502 3757 820 3831 praetermittendum
846 3782 918 3831 esse
948 3767 1084 3843 uidetur,
1104 3786 1153 3846 ea,
1170 3788 1252 3851 quaa
1269 3771 1309 3836 de
1335 3771 1441 3853 longis
1466 3777 1636 3842 itineribus
1661 3777 1798 3841 loannis

166 3866 254 3931 Senti
277 3885 334 3949 per
353 3871 516 3938 Graeciam
553 3886 586 3946 et
602 3884 768 3954 Orientem
793 3897 952 3977 susceptis
974 3897 1108 3963 fabulati
1130 3908 1206 3966 sunt
1221 3902 1383 3980 nonnulli,
1400 3902 1610 3981 argumentis,
1626 3919 1709 3982 quae
1725 3902 1798 3981 issi·

165 3982 242 4049 dem
258 3981 346 4048 firma
364 3984 441 4061 siut,
456 3989 583 4067 probari
603 3999 775 4070 nullisne
800 4009 947 4076 Labbcus
964 4014 1110 4095 quidem
1122 4019 1157 4080 iu
1171 4020 1368 4099 praelatione
1384 4020 1423 4085 ad
1443 4018 1606 4083 Glossaria
1633 4024 1717 4082 recte
1733 4017 1795 4082 ob-

169 4113 291 4183 servat,
305 4110 455 4172 Jecuaem
468 4112 595 4176 Scotum
610 4137 645 4180 ac
664 4126 779 4187 cctcrm
796 4125 861 4206 ejus
879 4130 947 4193 aeui
965 4132 999 4193 iu
1013 4137 1133 4212 praecis
1149 4135 1251 4202 literis
1276 4140 1467 4222 maqirtrllas
1481 4139 1538 4202 ltuc
1554 4139 1588 4201 iu
1604 4137 1714 4218 linqua
1733 4153 1798 4198 nau

169 4230 249 4295 adea
264 4244 400 4296 cusator
415 4237 521 4317 fuisse,
543 4249 579 4299 ut
598 4242 630 4303 in
648 4243 814 4308 Francicru
828 4246 987 4313 Caraliut's
1004 4257 1196 4335 temporibus
1220 4278 1370 4341 mtqrussa
1391 4264 1527 4327 Albanus
1554 4261 1796 4326 existimandum

165 4352 284 4428 sit‚id,
300 4357 473 4435 quodcum
490 4359 581 4424 rudia
599 4366 739 4430 carmina
755 4385 867 4447 graece
887 4372 1020 4437 loannis
1038 4379 1135 4453 Scoti,
1155 4388 1224 4446 tum
1251 4386 1356 4466 ipsius
1371 4383 1551 4457 versiones,
1577 4379 1697 4462 quibus
1712 4395 1748 4440 se
1762 4377 1797 4438 in

166 4479 299 4553 Graecis
318 4495 443 4546 merum
460 4481 631 4545 verborum
656 4483 849 4565 mancipium
865 4485 981 4564 prodit,
996 4491 1074 4552 satis
1091 4495 1312 4572 comprobant.
1332 4501 1485 4562 Ceterum
1514 4496 1585 4576 ipse
1609 4511 1794 4572 graecarum

166 4596 335 4661 literarum
347 4595 587 4678 intereaqualcs
603 4598 819 4683 peritissimus
834 4598 1023 4681 habebatur,
1035 4623 1095 4672 uec
1105 4607 1332 4692 dubitaverim,
1344 4616 1426 4698 quin
1441 4622 1551 4680 noster
1563 4615 1796 4693 intelligendus

165 4719 378 4791 sitluunnes,
409 4715 450 4781 de
480 4734 547 4784 auo
565 4717 598 4779 in
615 4716 755 4781 Psilotrc
779 4719 820 4781 ad
845 4723 962 4785 noxios
979 4743 1116 4807 parasque
1140 4728 1284 4793 uumerus
1313 4735 1508 4798 extrinsecus
1534 4734 1795 4809 decimanorum
1828 4774 1832 4791 .

165 4820 253 4923 pilos
278 4839 334 4920 qui
357 4840 521 4918 utspticrut
543 4841 749 4923 extirpandas
765 4843 885 4907 codicis
898 4846 989 4922 illio,
1007 4847 1050 4922 ἵν’,
1068 4849 1171 4913 seculi
1185 4853 1473 4928 tribunorumue
1487 4858 1626 4923 ciuitatis
1641 4858 1798 4922 Abrinca·
1875 4898 1876 4903 κ

169 4971 256 5037 tnui,
272 4961 351 5027 haec
369 4969 495 5027 exstant
512 4986 520 5026 r
538 4962 629 5025 «Nou
648 4961 751 5026 solum
768 4969 886 5033 autem,
907 4970 942 5028 ut
956 4964 1107 5046 superius
1124 4968 1247 5038 dictum
1271 4980 1332 5051 ast,
1348 4976 1432 5056 pilos
1455 4980 1553 5056 delet,
1571 4980 1795 5059 veruchtiam

169 5086 305 5149 nerium
320 5087 493 5152 humerum
509 5087 665 5168 impeturn
683 5084 838 5164 reprimit,
857 5103 922 5165 quo
940 5092 971 5150 at
987 5088 1175 5170 frequenter
1195 5095 1352 5161 Paruulus
1378 5085 1527 5166 utebatur
1551 5098 1736 5180 episcopus,
1764 5103 1797 5159 et

169 5206 294 5284 Fregus
307 5208 545 5286 grammaticus,
561 5204 617 5285 qui
633 5211 664 5268 et
679 5174 804 5267 dicebat
816 5205 1031 5288 :Quicunque
1047 5207 1107 5274 boc
1123 5213 1217 5277 tertio
1232 5233 1313 5279 usus
1326 5217 1427 5283 fuerit
1441 5220 1477 5282 iu
1491 5218 1617 5292 Martio,
1633 5235 1698 5280 uon
1714 5233 1796 5297 opus

171 5326 203 5387 ei
218 5324 355 5389 febrium
373 5326 553 5399 molestiam
577 5322 690 5386 timere
705 5322 738 5383 in
757 5337 852 5386 nuno.
875 5322 989 5387 Graeci
1010 5344 1132 5408 quaque
1157 5332 1322 5410 sapientes,
1336 5345 1373 5398 ut
1399 5340 1509 5404 audivi
1538 5359 1558 5400 a
1581 5341 1713 5409 Jaauue,
1734 5337 1791 5398 lucc

173 5445 451 5509 ruuaimcutuutur
468 5443 676 5511 medicamine.
698 5442 760 5506 Nec
781 5442 949 5525 aliquanda
980 5448 1125 5528 fortassis
1154 5449 1284 5514 alteram
1307 5472 1368 5534 pro
1394 5453 1792 5545 desiccandis'lbumarilrur

173 5565 297 5633 curarit
312 5567 449 5646 accipere
466 5530 627 5647 potionem
639 5590 666 5627 r.
690 5566 732 5628 Μ.
751 5567 785 5627 l'.
808 5567 982 5631 Raruisson
1004 5571 1163 5651 Ruppcrts
1179 5581 1241 5638 cat.
1260 5578 1378 5657 p.132.

212 5685 290 5762 52⁰.
314 5686 360 5749 De
379 5686 566 5767 parentibus
586 5695 617 5749 et
629 5684 913 5773 coguatisloannis
927 5686 1010 5749 Scoti
1027 5685 1108 5750 nibil
1123 5696 1320 5770 compertum
1344 5697 1403 5768 est,
1419 5693 1482 5759 nisi
1497 5689 1526 5752 ei
1544 5685 1673 5748 tratrem
1687 5680 1791 5746 inisse

172 5806 366 5879 bidelmum.
381 5815 482 5889 Quem
497 5816 615 5880 iudicat
639 5816 739 5878 ceder
758 5816 788 5877 S.
807 5815 969 5889 Germani,
984 5817 1072 5889 1108,
1089 5816 1166 5880 oiim
1182 5818 1250 5892 tali,
1263 5818 1317 5881 iol.
1337 5819 1387 5892 li,
1407 5821 1435 5894 l,
1453 5817 1506 5880 ubi
1525 5815 1557 5880 in
1573 5812 1678 5879 fronte
1694 5829 1793 5876 mam·

172 5946 311 6023 lirense,
342 5963 423 6028 quea
444 5946 549 6013 tabula
571 5946 752 6013 dominicali
779 5949 907 6026 buitur,
933 5965 1046 6021 marrus
1068 5948 1148 6014 forte
1168 5949 1269 6018 seculi
1296 5949 1341 6013 lx
1362 5949 1400 6014 cd
1421 5948 1599 6031 marginem
1622 5943 1790 6025 adscripsit
