4167 6625
729 503 827 560 ott

2112 490 2394 553 maurus
2430 490 2625 548 scon

3883 478 3989 536 912

727 612 1016 680 esseutiae,
1047 610 1199 681 cujus
1226 621 1280 666 et
1318 611 1433 682 ipse
1469 617 1587 677 cst,
1617 610 1857 666 existens
1875 647 1893 675 ,
1922 607 2063 664 exivi
2101 608 2171 663 ab
2198 605 2309 670 illo,
2339 606 2386 666 Α
2415 603 2550 660 dixit
2579 621 2592 657 ε
2620 599 2929 657 Praedicare
2953 599 3271 672 evangelium
3290 597 3750 660 omnicreatnrne,
3776 609 3991 651 omnem

734 708 827 760 liin!
859 716 939 756 est
967 702 1238 757 exinanivi
1265 701 1527 772 meipsum
1546 740 1561 767 ,
1590 699 1818 755 sormam
1847 698 1993 754 servi
2019 696 2308 767 accipiens,

730 812 859 848 ram
895 796 1138 848 ruli-timu
1160 793 1339 848 sactus
1357 807 1495 858 sum,
1528 801 1807 862 totamque
1833 789 2125 846 humanam
2154 797 2310 844 natu·

734 900 847 936 rain
879 884 1059 952 itt-cepi
1083 924 1091 944 ,
1126 891 1181 938 ει
1209 882 1404 938 iterum
1435 881 1681 953 relinquo
1708 879 1965 936 mundum
1992 888 2048 938 et
2074 879 2216 935 vado
2241 878 2310 933 ad

734 976 967 1041 lintrem,
1003 972 1227 1038 lissi-,esu
1255 971 1504 1028 servilem
1534 973 1780 1038 sormam,
1813 980 2091 1042 totamque
2120 970 2312 1025 huma-

730 1085 851 1121 nam
887 1077 1154 1131 natiirnm,
1182 1080 1379 1136 corpus
1409 1063 1656 1120 videlicet
1678 1072 1733 1120 et
1753 1065 1987 1118 animam
2017 1070 2073 1120 et
2102 1061 2314 1119 intelle-

730 1169 899 1217 ctum,
931 1169 979 1209 et
1011 1153 1384 1210 universaliter
1408 1168 1568 1209 omne
1587 1193 1602 1218 ,
1628 1153 1771 1224 quod
1795 1166 1860 1207 ex
1889 1153 2004 1222 ipsa
2035 1159 2309 1217 creatura,

730 1265 871 1317 quint:
919 1256 1132 1303 tjtlltrililss
1175 1260 1243 1302 ex
1286 1245 1486 1300 visibill
1533 1253 1588 1300 el.
1633 1242 1951 1315 intelligibili
2000 1241 2311 1307 existentia,

728 1337 963 1408 sumpsi,
1002 1336 1144 1392 ultra
1181 1348 1395 1390 omnem
1436 1334 1692 1390 mundum
1731 1334 1784 1388 in
1823 1332 2091 1388 Deitatem
2135 1344 2310 1385 meam

728 1438 1080 1495 convertens,
1128 1427 1276 1483 salva
1319 1436 1672 1490 naturarum,
1716 1441 1783 1481 cx
1819 1424 2018 1494 quihus
2053 1423 2309 1486 subsisto,

731 1521 938 1575 ratione
972 1526 1241 1585 manente,
1272 1532 1436 1590 super
1475 1518 1678 1580 omnia,
1723 1530 1864 1587 quae
1897 1521 2027 1571 sunt
2071 1522 2127 1568 et
2172 1526 2314 1584 quae

729 1631 833 1668 non
867 1622 1014 1678 sunt,
1048 1611 1228 1667 exalto
1259 1612 1299 1664 ¹.
1339 1608 1520 1665 Exivit
1549 1608 1712 1679 igitur
1735 1623 1765 1661 a
1792 1606 1971 1673 Patre,
2001 1613 2058 1662 et
2081 1605 2232 1661 venit
2256 1605 2313 1660 in

729 1705 1011 1768 muudum,
1054 1702 1346 1757 humanam
1392 1698 1643 1755 videlicet
1694 1707 1947 1754 naturam
1983 1696 2213 1768 accepit,
2256 1696 2312 1752 in

726 1812 833 1865 qna
885 1803 1031 1850 totus
1068 1794 1297 1848 mundus
1343 1791 1622 1859 subsistit;
1659 1789 1792 1845 nihil
1828 1789 1975 1846 enim
2018 1788 2076 1844 in
2112 1786 2314 1844 mundo

726 1894 830 1948 cst,
861 1885 1003 1955 quod
1034 1899 1140 1938 non
1185 1884 1239 1938 in
1286 1882 1522 1938 humana
1550 1889 1747 1936 natura
1772 1877 2267 1950 comprehendatur
2293 1896 2309 1933 z

726 1986 783 2030 et
810 1978 1005 2031 iterum
1036 1976 1254 2046 reliquit
1295 1976 1588 2041 mundum,
1615 1983 1672 2030 et
1699 1975 1795 2030 ivit
1831 1973 1899 2028 ad
1925 1973 2179 2037 Patrem,
2213 1972 2316 2028 hoc

729 2076 832 2133 cst,
884 2067 1175 2123 humanam
1211 2082 1371 2138 quam
1401 2073 1687 2136 acceperat
1715 2072 1967 2121 naturam
2007 2079 2172 2135 super
2195 2077 2313 2118 om-

729 2160 818 2214 nia
850 2158 1080 2214 visibilia
1109 2167 1164 2214 et
1191 2159 1501 2227 invisibilia,
1526 2172 1688 2229 super
1715 2172 1908 2215 omnes
1932 2156 2162 2213 virtutes
2190 2169 2317 2212 cae·

728 2247 915 2314 lestes,
945 2264 1109 2319 super
1131 2264 1292 2305 omne
1334 2250 1479 2322 quod
1507 2249 1706 2305 dicitur
1729 2257 1783 2304 et
1809 2247 2147 2319 intelligitur,
2185 2260 2318 2303 suae

726 2339 947 2405 Deitati,
970 2356 1110 2412 quae
1136 2340 1282 2397 Patri
1315 2340 1556 2412 aequalis
1584 2347 1669 2395 est
1694 2341 1738 2405 ¹,
1777 2340 2022 2395 adunans
2059 2337 2317 2394 sublima·

728 2432 824 2487 vit.
843 2410 1161 2500 Quanquam
1180 2430 1322 2486 enim
1347 2439 1516 2485 totam
1540 2430 1831 2485 humanam
1855 2436 2129 2491 naturam,
2152 2442 2315 2498 quam

731 2529 897 2576 totam
944 2523 1174 2593 accepit,
1207 2530 1373 2577 totam
1423 2522 1476 2575 in
1525 2521 1705 2591 seipso
1732 2529 1787 2576 et
1833 2521 1886 2575 in
1930 2529 2043 2576 toto
2079 2521 2316 2577 humano

729 2625 928 2683 genere
953 2621 1120 2667 totam
1147 2612 1397 2679 salvavit,
1424 2611 1683 2682 quosdam
1706 2610 1925 2682 quidem
1952 2612 2005 2666 in
2026 2610 2314 2681 pristinum

731 2714 956 2759 naturae
983 2709 1185 2758 statum
1213 2701 1528 2767 restituens,
1555 2699 1822 2771 quosdam
1860 2713 1989 2754 vero
2016 2715 2116 2771 per
2141 2697 2318 2756 excel-

728 2792 949 2848 lentiam
974 2792 1115 2848 ultra
1143 2800 1393 2849 naturam
1415 2791 1675 2848 deificans
1706 2810 1720 2846 t
1761 2792 1815 2847 in
1839 2790 1985 2846 nullo
2010 2799 2187 2846 tamen
2210 2790 2316 2846 nisi

731 2884 787 2937 in
822 2883 938 2954 ipso
973 2883 1089 2941 solo
1116 2883 1427 2940 humanitas
1452 2881 1648 2938 Deitati
1687 2882 1742 2937 in
1768 2881 2030 2937 unitatem
2069 2881 2316 2937 substan-

730 2976 838 3030 tiae
876 2977 1108 3032 adunata
1143 2983 1248 3042 est,
1283 2980 1338 3031 et
1371 2975 1427 3031 in
1458 2975 1630 3046 ipsam
1666 2973 1932 3029 Deitatem
1971 2980 2177 3028 mutata
2205 2987 2318 3028 om·

731 3068 821 3120 nia
856 3067 1207 3125 transcendit.
1238 3066 1352 3123 lloc
1372 3066 1516 3123 enim
1546 3065 1825 3138 proprium
1849 3074 2013 3136 caput
2040 3063 2316 3120 Ecclesiae

733 3156 836 3210 sibi
871 3158 973 3227 ipsi
1008 3156 1333 3224 reservavit,
1372 3166 1432 3214 ut
1474 3173 1583 3214 non
1622 3170 1800 3213 sotum
1848 3154 1965 3224 ejus
2002 3153 2315 3210 humanitas

739 3247 1012 3318 particeps
1041 3247 1297 3313 Deitatis,
1343 3263 1529 3303 verum
1581 3248 1745 3304 etiam
1776 3247 1891 3319 ipsa
1921 3247 2126 3312 Deitas,
2165 3251 2316 3317 post-

732 3352 893 3406 quam
923 3322 1168 3393 ascendit
1197 3338 1266 3392 ad
1305 3338 1544 3405 Patrem,
1577 3339 1764 3406 lieret;
1797 3340 1850 3395 in
1878 3354 2041 3410 quam
2077 3338 2315 3395 altitudi-

735 3447 858 3486 nem
890 3431 1067 3487 nullus
1100 3441 1314 3502 praeter
1344 3432 1518 3502 ipsum
1558 3432 1822 3498 ascendit,
1862 3447 1963 3488 nec
1991 3446 2318 3489 ascensurus

732 3529 834 3577 cst.
871 3522 940 3576 Et
977 3521 1080 3577 hoc
1118 3531 1234 3589 est,
1264 3526 1407 3593 quod
1449 3523 1574 3579 alibi
1606 3534 1789 3595 aperte
1827 3524 1894 3579 de
1935 3525 2114 3595 seipso
2142 3524 2315 3579 dicit:

737 3608 905 3666 Nemo
930 3612 1163 3666 ascendit
1191 3613 1244 3666 in
1265 3612 1505 3681 coelum..
1528 3612 1628 3667 nisi
1653 3615 1743 3682 qui
1772 3613 1837 3666 de
1858 3611 2002 3667 caelo
2030 3613 2316 3679 descendit,

2339 3298 2388 3364 C

734 3702 879 3773 filins
906 3703 1168 3769 leontinis,
1200 3702 1291 3774 qui
1317 3713 1392 3759 eat
1429 3706 1484 3760 in
1524 3703 1687 3759 caelo.
1724 3703 2205 3794 1⁴22er
2234 3705 2317 3760 di·

734 3800 884 3851 cenet
917 3811 930 3846 z
970 3806 1129 3847 nemo
1165 3793 1409 3848 ascendit
1446 3794 1498 3849 in
1529 3792 1774 3859 Patrem,
1803 3794 1909 3849 nisi
1936 3794 2030 3864 qui
2060 3809 2128 3849 ex
2158 3793 2321 3851 Patre

735 3883 1050 3949 descendit,
1093 3891 1148 3939 et
1188 3885 1314 3941 dum
1358 3899 1390 3940 a
1422 3884 1585 3942 Patre
1621 3885 1922 3952 descendit,
1955 3883 2171 3942 Patrem
2213 3903 2319 3942 non

735 3974 1004 4040 ‹leseruit3
1037 3975 1126 4045 qui
1175 3990 1390 4046 semper
1432 3974 1488 4030 in
1538 3975 1695 4031 Patre
1737 3982 1840 4042 est,
1876 3974 2132 4046 quoniam
2160 3974 2323 4032 Pater

737 4065 796 4118 in
830 4064 921 4119 illo
952 4064 1421 4135 inseparabiliter,
1450 4071 1506 4119 et
1537 4064 1624 4121 ille
1654 4066 1707 4121 in
1748 4064 1908 4122 Patre
1945 4080 2161 4136 semper
2193 4073 2276 4122 est
2303 4084 2318 4121 ε

744 4152 857 4224 qu
884 4154 1042 4220 enim,
1073 4156 1170 4220 ait,
1193 4164 1241 4209 et
1266 4152 1426 4209 Pater
1450 4171 1612 4210 unum
1639 4172 1836 4211 sumus.
1872 4156 1931 4211 ln
1956 4172 2117 4228 quam
2144 4157 2322 4213 unita-

745 4254 852 4299 tem
884 4243 1032 4299 solus
1067 4242 1157 4301 ille
1195 4258 1347 4299 suam
1387 4244 1775 4299 humanitatem
1811 4247 2323 4318 subvexit,‚ceteros

740 4345 944 4404 autem,
975 4350 1112 4407 quos
1139 4335 1377 4402 deificat,
1405 4333 1517 4391 sola
1546 4335 1956 4406 participatione
1985 4351 2115 4392 suae
2143 4336 2323 4391 Deita-

740 4427 808 4483 tis
837 4427 858 4459 ⁸
895 4441 1330 4500 unumquemque
1370 4427 1665 4484 secundum
1706 4426 2041 4483 altitudinem
2069 4429 2323 4500 propriae

738 4519 1209 4589 contemplationis
1258 4527 1381 4589 post
1429 4517 1453 4550 ⁸
1503 4530 1563 4574 se
1597 4516 1910 4582 constituit,
1959 4517 2218 4573 ordinans
2266 4517 2321 4572 in

2412 702 2718 752 creaturam
2746 692 3019 765 appellans
3049 691 3341 749 hominem.
3374 688 3488 746 Non
3517 686 3670 744 enim
3703 686 3994 742 irrationa-

2413 787 2611 843 bilibus
2639 784 2980 850 animalibus,
3018 796 3112 838 seu
3141 781 3388 838 omnibus
3419 778 3692 836 creaturis
3719 793 3891 834 sensu
3913 793 4001 835 ca-

2413 877 2686 943 rentibus,
2718 892 2875 932 suum
2916 874 3252 946 evangelium
3278 872 3576 943 praedicari
3607 870 3789 944 jussit
3813 877 3863 937 ἵ,
3908 874 3992 929 sed

2412 968 2512 1024 soli
2538 967 2766 1033 homini,
2797 967 2850 1023 in
2886 981 2994 1036 quo
3017 966 3195 1021 omnis
3233 973 3422 1020 natura
3448 970 3635 1019 creata
3664 964 3987 1019 continetur.

2413 1059 2555 1117 Mae.
2587 1058 2777 1115 Omnis
2810 1059 2993 1128 itaque
3027 1066 3274 1112 creatura
3312 1055 3365 1111 in
3407 1055 3631 1112 homine
3678 1055 3815 1111 est?
3861 1057 3986 1114 Duc:

2413 1151 2529 1206 Hoc
2553 1150 2918 1207 indubitanter
2942 1146 3238 1203 fatendum.
3267 1145 3407 1203 Mac.
3439 1144 3660 1202 Fateris
3683 1159 3849 1216 ergo,
3881 1147 3994 1202 Ver·

2413 1240 2542 1296 bum
2569 1219 2923 1308 Βῗῖἶῖὶῖἶυο,
2950 1245 3006 1293 et
3026 1252 3123 1308 per
3150 1235 3313 1308 quod,
3339 1243 3394 1291 et
3420 1233 3489 1290 ad
3519 1235 3671 1304 quod
3704 1234 3855 1290 facta
3881 1247 3998 1291 sunt

2413 1330 2616 1396 omnia,
2654 1327 2947 1385 secundum
2978 1342 3129 1383 suam
3157 1326 3500 1383 divinitatem
3530 1327 3587 1381 in
3617 1323 3837 1381 effectus
3863 1342 3992 1382 mu-

2412 1434 2596 1476 sarum
2637 1417 2981 1474 descendisse
3023 1417 3317 1473 seeundum
3359 1430 3514 1471 suam
3561 1415 3989 1471 humanitatem?

2414 1508 2562 1565 Disc.
2609 1505 2944 1563 Firmissime
2998 1507 3191 1562 fateor.
3243 1505 3385 1562 hiso.
3449 1504 3641 1572 Quare
3689 1506 3983 1561 deseendit!

2415 1600 2564 1656 Disc.
2606 1598 2736 1663 Dic,
2762 1612 2986 1668 quaeso.
3027 1596 3167 1653 Mac.
3208 1596 3324 1653 Non
3360 1596 3527 1652 aliam
3549 1596 3627 1652 oh
3657 1604 3992 1662 causam,ut

2413 1691 2626 1762 opinor,
2654 1689 2760 1746 nisi
2782 1697 2846 1745 ut
2885 1704 3192 1754 causarum,
3223 1704 3360 1760 quas
3389 1687 3697 1744 secundum
3735 1703 3894 1743 snam
3919 1689 3996 1743 di·

2412 1780 2692 1837 vinitatem
2722 1779 3068 1836 aeternaliter
3089 1788 3143 1835 et
3167 1778 3686 1835 incommutabiliter
3712 1780 3905 1844 hahet,
3927 1794 3999 1834 se·

2416 1872 2651 1930 cundum
2680 1886 2832 1927 suam
2876 1870 3267 1926 humanitatem
3296 1869 3521 1926 effeetus
3556 1870 3829 1936 salvaret,
3858 1871 4000 1942 inque

2419 1978 2544 2021 suas
2567 1978 2761 2019 causas
2784 1971 3097 2029 revocaret,
3128 1970 3188 2017 ut
3228 1962 3282 2017 in
3319 1962 3450 2032 ipsis
3479 1960 3749 2017 ineffabili
3782 1964 3998 2032 quadam

2417 2053 2766 2121 adunatione,
2794 2053 2955 2109 sicuti
2982 2061 3038 2110 et
3065 2054 3215 2124 ipsae
3244 2067 3439 2109 causae
3466 2053 3511 2119 ⁸,
3540 2053 3916 2109 salvarentur.
3937 2057 4001 2108 Ae

2417 2144 2462 2200 si
2502 2152 2688 2215 aperte
2714 2143 2922 2200 diceret
2949 2161 2964 2198 ε
2994 2142 3052 2199 Si
3080 2143 3173 2198 Dei
3198 2142 3459 2213 sapientia
3485 2143 3540 2196 in
3561 2141 3805 2198 effectus
3829 2159 4005 2199 causa-

2417 2195 2795 2304 rtffirquffln
2821 2246 2887 2288 ea
2905 2231 3254 2288 aeternaliter
3276 2233 3477 2297 vivunt,
3495 2247 3608 2287 non
3635 2233 3999 2297 descenderet,

2418 2338 2704 2379 causarum
2731 2324 2872 2380 ratio
2900 2323 3139 2395 periret:
3165 2323 3517 2393 pereuntibus
3543 2324 3698 2379 enim
3727 2340 3994 2380 causarum

2418 2415 2698 2471 effectibus
2731 2414 2872 2471 nulla
2902 2429 3066 2470 causa
3105 2424 3440 2483 remaneret,
3479 2424 3627 2471 sicut
3665 2418 3996 2488 pereuntibus

2418 2508 2598 2564 causis
2626 2506 2760 2563 nulli
2798 2517 3143 2564 remanerent
3169 2509 3421 2576 ell’ectus;
3453 2511 3594 2565 haec
3630 2510 3786 2564 enim
3831 2508 4001 2562 relati-

2418 2612 2608 2653 vorum
2639 2598 2850 2653 ratione
2876 2597 3036 2654 simul
3049 2599 3317 2665 oriuntur,
3340 2607 3394 2655 et
3421 2599 3588 2654 simul
3613 2600 3897 2664 occidunt,
3922 2611 4008 2655 aut

2417 2690 2578 2749 simul
2623 2698 2680 2748 et
2725 2704 2939 2761 semper
2975 2699 3294 2763 permanent
3328 2694 3372 2746 ⁹.
3432 2691 3583 2747 Dise.
3627 2690 3804 2747 Totus
3839 2691 4005 2760 itaque

2418 2781 2652 2838 mundus
2690 2781 2744 2835 in
2783 2781 2962 2837 Verbo
3003 2781 3099 2837 Dei
3144 2780 3451 2852 unigenito,
3494 2781 3819 2843 incarnato,
3857 2782 4000 2835 inan-

2419 2876 2636 2925 manato
2661 2870 2839 2926 adhuc
2867 2869 3174 2940 specialiter
3204 2871 3486 2927 restitutus
3516 2878 3628 2935 est,
3662 2872 3718 2926 in
3752 2872 3851 2925 tine
3875 2885 3995 2925 vem

2419 2965 2604 3022 mundi
2634 2964 2958 3036 generaliter
2985 2974 3042 3021 et
3067 2967 3452 3023 universaliter
3479 2967 3537 3023 in
3568 2969 3765 3023 eodem
3798 2976 3993 3023 restau-

2417 3058 2648 3114 rabitur.
2686 3058 2841 3126 Quod
2865 3060 3009 3115 enim
3035 3061 3341 3131 specialiter
3368 3060 3421 3116 in
3463 3063 3647 3132 seipso
3677 3061 3722 3093 ¹⁰
3760 3062 4007 3133 perfecit,

2417 3150 2742 3221 generaliter
2765 3150 2820 3207 in
2861 3152 3115 3207 omnibus
3150 3153 3414 3223 perficiet.
3448 3151 3566 3208 Non
3595 3153 3719 3208 dico
3744 3154 3799 3207 in
3826 3154 4006 3208 omni·

2418 3246 2520 3302 hus
2561 3245 2870 3300 hominihus
2917 3244 3252 3300 solummodo
3275 3285 3290 3310 ,
3331 3247 3429 3301 sed
3470 3245 3522 3300 in
3565 3247 3706 3300 omni
3745 3244 4002 3300 sensibili

2418 3336 2903 3406 creatura..lpsum
2941 3336 3206 3407 siquidem
3246 3336 3340 3391 Dei
3366 3334 3613 3400 Verbum,
3652 3335 3874 3405 quando
3902 3351 4002 3391 ae-

2416 3431 2559 3501 cepit
2593 3430 2882 3485 humanam
2925 3439 3204 3495 naturam,
3242 3429 3448 3486 nullam
3476 3437 3712 3486 creatam
3746 3430 4005 3485 substan·

2419 3522 2549 3577 tiam
2586 3520 2968 3591 praetermisit,
3013 3536 3175 3592 quam
3219 3521 3273 3576 in
3303 3537 3365 3576 ea
3398 3521 3443 3551 ¹¹
3483 3536 3595 3576 non
3632 3521 3896 3591 acceperit
3934 3522 3995 3575 ¹¹.

2417 3598 2703 3680 Accipiens
2729 3610 2891 3680 igitur
2919 3610 3210 3666 humanam
3242 3619 3516 3677 naturam,
3549 3626 3771 3667 omnem
3797 3621 3998 3667 creato·

2421 3716 2536 3755 ram
2567 3701 2793 3770 accepit.
2816 3698 2895 3755 Ac
2916 3714 3013 3772 per
3033 3698 3135 3755 hoc
3159 3701 3203 3754 si
3229 3700 3519 3755 humanam
3546 3710 3825 3764 naturam,
3847 3716 3998 3771 quam

2421 3790 2660 3860 accepit,
2712 3791 2942 3846 salvavit
2989 3799 3044 3846 et
3094 3791 3443 3858 restauravit,
3494 3806 3722 3847 omnem
3770 3791 3998 3862 prolecto

2421 3889 2722 3937 creaturam
2754 3879 3019 3937 visibilem
3049 3889 3104 3936 et
3131 3880 3456 3937 invisibilem
3489 3883 3845 3938 restauravit.
3876 3881 3996 3939 ilinc

2421 3987 2530 4029 non
2571 3973 2846 4028 incassum
2878 3972 3147 4028 credimus
3174 3983 3229 4028 et
3266 3973 3651 4044 intelligimus,
3685 3976 3995 4031 incarnatio·

2422 4078 2547 4118 nem
2578 4063 2741 4121 Verbi
2768 4064 2865 4120 Dei
2896 4081 3000 4120 non
3044 4065 3223 4121 minus
3247 4064 3473 4136 angelis,
3504 4082 3677 4135 quam
3706 4068 3998 4123 hominibus

2421 4152 2718 4222 proluissc3
2743 4155 2945 4224 profuit
2972 4169 3204 4225 namque
3231 4156 3541 4213 homiuibus
3570 4157 3639 4212 ad
3667 4173 3824 4213 suam
3861 4159 3903 4191 ¹⁸
3926 4174 3999 4213 re·

2423 4232 2782 4313 demptionem
2819 4259 3056 4317 suaeque
3099 4254 3323 4302 naturae
3363 4250 3845 4315 restaurationem,
3881 4264 3995 4321 pro-

2425 4337 2523 4393 fuit
2537 4338 2743 4409 angelis
2762 4338 2828 4393 ad
2856 4339 3235 4410 cognitionem.
3253 4339 3804 4410 lncomprehensibile
3816 4345 3995 4413 quippe

2422 4436 2544 4481 crat
2590 4426 2826 4483 Verbum
2872 4429 3019 4484 onmi
3051 4437 3333 4486 creaturae
3379 4431 3577 4487 visibili
3625 4443 3681 4487 et
3722 4434 3992 4494 invisibili.

2424 4520 2526 4575 hoc
2549 4529 2632 4576 est
2667 4522 3014 4577 intellectuali
3047 4532 3101 4578 et
3129 4523 3376 4578 rationali
3396 4563 3412 4589 ,
3441 4526 3649 4596 angelis
3673 4526 3917 4580 videlicet
3946 4536 3995 4579 ct

741 4610 920 4679 seipso
939 4650 956 4677 ,
994 4610 1156 4667 veluti
1185 4612 1242 4665 in
1269 4609 1502 4680 quadam
1531 4607 1694 4664 domo
1721 4606 1765 4675 ⁸,
1791 4621 2001 4674 omnes,
2033 4621 2170 4677 quos
2192 4620 2321 4665 con-
2344 4638 2401 4701 D
2425 4612 2757 4677 hominibuS,
2781 4612 3093 4683 priusquam
3122 4613 3519 4679 incarnaretur,
3547 4617 3801 4685 qnoniam
3830 4631 3990 4669 reino-

742 4700 943 4757 sormes
969 4702 1072 4756 sibi
1116 4700 1139 4733 ⁸
1177 4700 1295 4756 lieri
1331 4699 1512 4772 elegit.
1543 4700 1688 4756 Deus
1723 4699 1904 4769 itaque
1933 4698 2030 4754 Dei
2059 4697 2318 4767 Verbum,

745 4795 800 4849 in
840 4809 948 4865 quo
977 4796 1156 4852 omnia
1201 4793 1343 4851 sacta
1387 4800 1514 4852 sunt
1560 4793 1854 4851 causaliter
1896 4801 1953 4851 ει
1994 4792 2318 4861 subsistunt,

744 4885 1040 4940 secundum
1067 4900 1218 4942 suam
1258 4884 1593 4942 divinitatem
1620 4884 1898 4942 descendit
1926 4885 1981 4940 in
2009 4898 2317 4951 causarum,

747 4989 887 5045 quae
921 4975 973 5028 in
1013 4974 1129 5045 ipso
1167 4974 1486 5041 subsistunt,
1515 4973 1759 5044 effectus,
1789 4976 1843 5030 in
1871 4974 2032 5031 istum
2070 4973 2322 5030 videlicet

747 5064 1059 5122 sensibilem
1096 5066 1385 5130 mundum,
1422 5067 1713 5122 humanam
1746 5067 2018 5135 accipiens
2043 5074 2316 5135 naturam,

746 5157 803 5212 in
829 5169 933 5225 qua
961 5154 1136 5210 omnis
1157 5152 1386 5209 visibilis
1410 5164 1465 5210 et
1493 5154 1775 5211 invisibilis
1797 5164 2044 5212 creatura
2072 5157 2318 5212 eontine-

750 5257 856 5302 tur.
880 5246 1024 5302 Dtsc.
1053 5244 1110 5301 ln
1134 5247 1237 5301 hoe
1258 5245 1632 5320 incunctanter
1656 5246 1917 5303 catholica
1943 5247 2075 5303 tides
2095 5263 2321 5304 consen-

745 5340 830 5396 tit.
866 5342 1046 5412 lpsum
1073 5355 1308 5411 namque
1340 5317 1693 5398 Deinbum
1719 5342 1881 5398 homo
1915 5341 2138 5409 factum,
2174 5354 2325 5415 post·

749 5448 911 5502 quam
939 5434 1239 5491 resurrexit
1258 5449 1290 5492 a
1316 5434 1568 5501 mortuis,
1610 5448 1737 5492 suos
1763 5434 2050 5507 discipulos
2069 5436 2321 5493 erudiens

2428 4709 2539 4757 tum
2562 4711 2616 4757 et
2638 4711 2905 4758 secretum
2929 4717 3091 4773 super
3110 4718 3291 4770 omne,
3319 4704 3463 4775 quod
3484 4710 3567 4758 est
3589 4712 3643 4759 et
3661 4706 3801 4775 quod
3827 4706 3869 4735 ¹⁸
3890 4721 3987 4759 non

2425 4802 2529 4858 est,
2557 4807 2722 4864 super
2747 4806 2926 4859 omne,
2958 4779 3101 4863 quod
3133 4794 3331 4849 dicitur
3351 4804 3407 4850 et
3432 4793 3782 4865 intelligitur:
3810 4797 3960 4847 incar

2425 4894 2610 4941 natum
2637 4900 2767 4940 vero
2794 4885 3187 4957 quodammodo
3222 4885 3586 4947 descendens,
3613 4882 3823 4940 mirabili
3848 4896 3983 4951 qua-

2425 4978 2548 5033 dam
2597 4978 2919 5048 theophania
2952 4985 3006 5033 et
3035 4974 3286 5034 ineffabili
3325 4987 3379 5032 et
3422 4978 3693 5050 multiplici
3728 4977 3841 5031 sine
3876 4977 3982 5029 line

2424 5075 2477 5127 in
2508 5072 2869 5143 cognitionem
2905 5071 3178 5140 angelicae
3214 5071 3590 5141 humanaeque
3621 5079 3830 5124 naturae
3856 5083 3977 5136 pm-

2423 5164 2616 5231 cessit,
2658 5171 2713 5218 et
2759 5177 2922 5233 super
2970 5162 3150 5217 omnia
3199 5162 3529 5233 incognitum
3565 5161 3612 5194 ¹⁸
3644 5178 3710 5215 cx
3747 5159 3975 5212 nnmibns

2423 5263 2693 5321 naturam,
2728 5254 2783 5308 in
2811 5267 2916 5324 qua
2944 5260 3378 5324 cognosceretur,
3400 5252 3712 5323 assumpsit,
3740 5248 3970 5303 mundum

2422 5344 2730 5403 sensibilem
2761 5352 2818 5400 et
2846 5342 3232 5414 intelligibilem
3256 5342 3311 5397 in
3342 5343 3522 5412 seipso
3550 5337 3974 5411 incomprehensi-

2423 5436 2515 5493 bili
2556 5436 2838 5492 hat·monia
2883 5437 3145 5492 adunans.
3191 5434 3258 5490 Et
3299 5433 3388 5490 lux
3430 5433 3805 5490 inaccessibilis
3832 5431 3968 5485 omni

2003 5547 2259 5605 VAmAE
2295 5547 2692 5606 LECTIONES.

780 5730 783 5733 Α
821 5663 840 5694 ¹
868 5661 959 5719 Sic
985 5661 1102 5729 CF:
1132 5663 1178 5718 A
1203 5654 1456 5718 exaltata.
1533 5662 1554 5696 ¹
1582 5661 1674 5718 Sic
1693 5659 1808 5729 CF;
1837 5662 1879 5717 A
1921 5669 2000 5718 est
2022 5662 2278 5728 aequatis.
2353 5661 2376 5695 ⁸
2398 5662 2490 5717 Sic
2514 5660 2597 5716 CF
2623 5678 2637 5726 ;
2666 5661 2711 5715 A
2738 5660 3047 5716 divinitatis.

750 5744 927 5784 nomn.
1003 5735 1025 5767 ⁸
1051 5733 1136 5788 CF
1160 5733 1466 5788 conformes
1489 5749 1613 5787 auos
1636 5732 1751 5787 fleri
1787 5731 1966 5802 elegit.
2040 5733 2061 5764 ¹
2092 5732 2181 5785 Sic
2212 5730 2333 5799 (Ἐς
2363 5732 2406 5787 Α
2438 5733 2600 5812 jussit
2626 5732 2943 5802 praedicari.

746 5799 795 5853 si
817 5809 991 5867 aperte
1011 5804 1202 5855 diecret
1218 5833 1286 5841 —
1299 5815 1601 5872 permanent
1625 5817 1734 5856 om.
1759 5802 1864 5856 CF.

1941 5803 1985 5837 ¹⁹
2001 5801 2095 5858 Sic
2121 5801 2241 5864 1:1³2
2272 5803 2314 5855 A
2340 5804 2393 5856 in
2419 5818 2587 5871 seipso
2613 5802 2924 5870 specialiter.
2971 5859 2981 5870 ,
3004 5801 3044 5833 ¹¹
3071 5803 3122 5856 in
3145 5820 3206 5856 ea
3234 5820 3341 5859 um.
3368 5805 3432 5858 A.

3131 5661 3166 5745 οὗ
3196 5660 3287 5716 Sic
3318 5660 3515 5746 CIR-A
3566 5679 3659 5734 pro
3683 5677 3755 5718 se.
3841 5656 3965 5713 'CF

3207 5732 3329 5798 ‘³¹³³
3378 5735 3420 5788 Α
3451 5730 3963 5868 ’Ptffsz‘z'm’sf

746 5868 899 5939 cepit.
978 5869 1020 5901 ¹¹
1046 5887 1194 5924 sicam
1219 5886 1305 5926 oni
1336 5871 1400 5924 Α.
1480 5871 1523 5903 ¹¹
1553 5873 1691 5945 qnod
1718 5887 1826 5929 om.
1850 5871 1956 5927 CF.
2033 5875 2076 5906 ¹⁸
2104 5872 2194 5927 Sic
2217 5871 2333 5938 CF;
2363 5869 2404 5925 A
2443 5872 2780 5941 incoquimm.
