4167 6625
321 379 369 440 flii

322 493 439 559 numeri,
455 489 521 550 diets
530 488 588 548 siut
599 488 687 550 cubici
701 496 723 553 l,
746 497 774 546 et
788 487 815 543 in
826 486 883 544 sola
896 487 1000 544 rationo
1014 487 1113 542 substi·
1127 502 1149 556 Α

323 587 383 646 ιειι.
400 583 553 646 tintasindus
563 581 661 640 inerint
673 583 695 647 ¹,
711 582 757 636 sed
771 582 843 652 qnod
857 595 905 636 nos
924 579 950 643 ⁸,
966 580 1011 648 nni
1022 593 1110 632 annuc

323 663 478 731 materiales
500 681 528 728 et
552 671 680 730 mortales
701 687 803 737 snmus,
824 685 871 730 eos
898 672 968 726 intra
990 678 1110 726 nosulet·

323 764 396 836 ipsos
407 774 435 821 et
451 763 601 842 cogitamus
611 771 639 817 et
660 762 830 820 mintinanms
844 760 870 832 ι,
893 760 1038 831 Propterea
1054 777 1111 814 ma·

324 854 589 930 terialesdicontnr,
601 852 643 909 uel
658 862 731 909 certe
753 851 816 910 ideo
842 852 995 907 materiales
1015 867 1110 907 nurne-

323 944 347 1001 ri
371 946 520 1010 dicuutur.
543 944 607 1016 quia
632 954 679 1004 aul
704 945 748 999 vix
761 952 807 999 ant
826 959 967 1013 nnnqtram
987 944 1112 1000 sinenta·

322 1037 456 1096 leriaiium
464 1053 553 1094 rerum
563 1037 801 1108 imaginationibus
813 1043 838 1092 in
849 1038 940 1094 animo
949 1048 1110 1102 tractamur.

321 1129 388 1188 Ele
411 1131 468 1188 sola
489 1131 606 1204 pacatico
620 1129 633 1163 ⁸
648 1130 788 1200 deyirmoe,
812 1130 864 1186 boc
894 1140 957 1198 est,
985 1131 1112 1188 delinitae

322 1231 384 1280 suut
398 1221 495 1278 beatae
508 1221 620 1278 militiae
643 1220 799 1277 caelestium
826 1220 1007 1277 intellectuum
1022 1237 1038 1278 s
1054 1222 1110 1276 sola

238 1365 247 1390 ,
321 1311 457 1388 gnostica,
481 1311 539 1380 ipsa
555 1309 680 1366 uiilclicet
697 1311 839 1381 sapientia.
856 1326 925 1381 tynae
939 1326 986 1366 eas
1008 1321 1036 1366 et
1050 1311 1112 1367 feeit

321 1409 349 1466 et
363 1400 498 1456 ordinavit
510 1400 532 1452 ⁸.
560 1399 654 1455 Divina
674 1409 762 1455 autem
785 1400 917 1473 sapientia
931 1401 992 1456 ideo
1012 1401 1113 1456 dicitur

322 1488 454 1562 gnostica,
471 1490 569 1556 idest,
591 1489 737 1566 cognitiva,
753 1489 817 1560 qnia
836 1489 949 1556 outuia,
976 1504 1045 1561 quae
1064 1505 1113 1561 per

322 1585 408 1654 ipsum
423 1594 469 1650 attl
481 1585 508 1644 itt
519 1583 652 1657 ipsalacta
661 1593 733 1650 sunl,
748 1585 804 1640 suia
818 1584 981 1657 intelligiles
994 1584 1111 1644 circuni·

321 1676 427 1740 scribit.
443 1674 592 1734 Secundum
606 1678 691 1747 ipsum
708 1676 934 1747 supermundanae
953 1687 977 1731 et
995 1678 1112 1732 coelestis
1147 1731 1150 1736 .

321 1766 509 1838 inteliipetttiue
518 1778 542 1824 et
555 1769 691 1838 scientiae,
702 1784 769 1837 quus
780 1768 957 1839 copiosissime
965 1769 1003 1823 eis
1013 1768 1111 1822 dortoto

1013 371 1155 431 tuturus
1174 370 1273 430 scoti

1896 369 1955 428 252

1164 493 1253 538 autem
1270 481 1309 536 rei
1336 483 1359 518 ¹¹
1384 483 1553 551 reurtteseare
1575 479 1694 537 uolentes
1716 480 1898 537 additionum
1922 490 1955 539 et

1163 576 1367 643 multipartitam
1391 575 1414 606 ¹⁸
1429 576 1614 636 latitudinem,
1633 575 1683 627 buc
1699 583 1740 628 cst
1753 613 1762 640 ,
1776 573 1954 642 multiplicem

1163 684 1252 722 rentur
1265 668 1409 722 visibilium
1440 666 1608 737 superlicienr
1634 665 1656 698 ‘¹
1684 663 1956 720 uiiuttorunshs-

1164 759 1266 814 rietatis
1279 757 1460 827 angelicarum
1476 757 1676 812 iormatlonnm.
1694 755 1731 810 Ea
1751 754 1901 825 siquidem,
1920 755 1957 812 ὼ

1162 851 1259 920 quibus
1270 851 1327 919 lant
1352 849 1547 912 tractavimus,
1572 847 1629 904 sois
1649 848 1747 901 mentis
1770 846 1850 900 oculu
1873 859 1957 917 supa

1162 955 1242 996 ornare
1267 942 1306 1004 ⁸¹,
1324 941 1395 1010 quod
1418 941 1439 974 ¹¹
1458 939 1540 994 diuini
1557 947 1584 994 ct
1601 937 1773 1009 multiplicari
1787 947 1890 1008 pritest,
1910 951 1957 993 stt·

1162 1033 1242 1103 per'⁸
1253 1048 1360 1088 ornnem
1378 1045 1467 1087 certum
1480 1032 1623 1086 visibilium
1635 1031 1839 1085 similitudinem
1849 1041 1878 1087 ct
1888 1031 1957 1085 ima-

1162 1124 1326 1192 ginationem
1345 1121 1520 1191 conteruplari
1534 1122 1670 1190 sapientes
1687 1131 1811 1191 ροεειιει.
1826 1120 1865 1174 iia
1878 1134 1956 1187 rere,

1163 1214 1197 1268 ad
1208 1229 1278 1284 qnae
1294 1213 1319 1252 ι*
1332 1212 1539 1268 intellectualem
1547 1212 1654 1267 oculum
1668 1211 1807 1267 reflectere
1818 1210 1956 1276 remmus,

1163 1306 1344 1367 latitudinem.
1358 1306 1383 1359 id
1397 1317 1449 1368 est,
1463 1306 1633 1375 superficient
1645 1313 1673 1360 et
1685 1305 1885 1376 apparitionem
1906 1319 1956 1359 as·

1163 1397 1310 1468 gallearum
1324 1395 1471 1452 formarum
1487 1397 1643 1458 ostendunt,
1659 1410 1729 1465 quiae
1740 1394 1899 1465 superb&
1913 1393 1958 1450 di·

1162 1488 1243 1542 ridtra
1266 1497 1308 1542 cst
1335 1499 1363 1542 et
1389 1487 1574 1558 multipliciter
1602 1495 1714 1557 partita.
1741 1485 1769 1540 in
1792 1485 1891 1556 nubes
1912 1495 1957 1540 te·

1164 1595 1225 1634 nien
1254 1581 1326 1634 acies
1355 1579 1453 1634 mentis
1484 1578 1566 1634 ueluti
1589 1578 1641 1633 sibi
1664 1577 1783 1652 arguitis
1816 1585 1844 1633 et
1874 1574 1956 1632 faral-

1164 1668 1275 1725 liaribns
1309 1671 1480 1740 requiescere
1517 1669 1642 1736 ridetur,
1678 1683 1712 1724 sc
1746 1668 1829 1723 relati
1861 1669 1961 1725 renis·

1165 1761 1230 1825 sins,
1266 1775 1347 1832 qnam
1365 1763 1389 1794 ¹·
1408 1764 1435 1817 iu
1472 1761 1634 1819 caelestibus
1663 1761 1802 1825 essentiis,
1836 1761 1865 1816 tu
1894 1773 1959 1817 eur·

322 1866 370 1912 est.
387 1855 428 1912 ita
452 1858 525 1916 enim
545 1858 723 1924 deliniuntur,
739 1859 962 1929 quetuadmodnm
987 1854 1300 1928 caelestisiiporalibns
1323 1855 1439 1911 latuerat.
1469 1854 1526 1912 linc
1557 1868 1647 1911 autem
1680 1854 1815 1918 facimus,
1841 1854 1959 1910 dacen-

322 1947 497 2017 intelligentia
521 1957 549 2004 et
574 1950 685 2006 scientia
714 1952 753 2010 eis
775 1949 856 2005 insita
882 1959 934 2005 cst.
956 1948 1113 2006 Substantia
1165 1949 1260 2003 dentes
1275 1949 1384 2012 iterum,
1404 1950 1522 2014 beccel,
1546 1950 1608 2005 dum
1620 1959 1682 2020 post
1695 1949 1849 2004 sublimium
1864 1963 1957 2004 mmm

321 2039 452 2110 siqnidem
470 2055 563 2108 eorum
589 2051 617 2097 et
640 2056 769 2096 numerus
804 2039 980 2118 intelligentia
1016 2051 1059 2097 est
1087 2051 1114 2097 ει
1165 2040 1422 2109 contemplationem
1457 2041 1555 2096 iterntn
1594 2041 1784 2096 descendimus
1815 2040 1843 2095 in
1881 2039 1956 2111 ipsis,

321 2129 444 2184 scientia.
471 2128 539 2188 iiiuc
554 2145 604 2202 per
616 2129 789 2186 Psalmistam
814 2131 935 2187 dicitur:
954 2151 964 2184 t
982 2130 1032 2200 Qui
1050 2132 1114 2187 ieci-
1165 2134 1293 2206 angelicis
1314 2134 1439 2189 ultlelieet
1463 2134 1584 2206 mysticis
1597 2131 1816 2197 formationibus,
1831 2142 1956 2203 magnam

320 2217 385 2274 sti'
411 2219 501 2278 caelos
525 2220 553 2276 in
577 2221 712 2278 intellectu
731 2243 754 2290 a,
781 2222 834 2279 boo
854 2230 906 2288 εει,
928 2221 1014 2279 ιεειειι
1039 2221 1115 2276 'eos
1165 2223 1445 2296 inconsequentibus,
1461 2227 1512 2281 boc
1529 2234 1580 2290 cst,
1597 2241 1650 2281 non
1665 2225 1889 2282 conuenientibus
1904 2225 1959 2280 los·

321 2309 484 2390 intellectus.
515 2309 635 2376 Sortittne
661 2314 761 2378 diuino,
781 2313 808 2369 id
834 2323 885 2376 εει,
902 2312 936 2365 ab
960 2314 1115 2385 integritate
1165 2334 1251 2394 gaqum
1265 2318 1442 2373 dissimilibus
1455 2318 1607 2374 diuinorum
1624 2320 1809 2376 intellectuum
1823 2320 1957 2376 altitudini

322 2403 413 2456 divina
426 2442 434 2467 ,
448 2401 547 2458 multoe
566 2406 690 2458 scientiae
704 2403 899 2473 scyricutipcoe,
920 2417 988 2472 qnae
1009 2418 1056 2458 eas
1072 2417 1116 2457 sa·
1165 2418 1192 2464 et
1208 2407 1404 2472 tauriformitati,
1428 2409 1535 2464 reflexis
1545 2410 1569 2450 ¹⁸
1588 2419 1677 2466 tamen
1697 2411 1847 2482 tbeoreties
1860 2414 1959 2470 virtute

322 2494 447 2566 pietates·
460 2497 531 2547 lacit.
550 2493 585 2548 Et
598 2492 675 2563 cnjus
685 2502 726 2550 est
737 2493 781 2547 illa
792 2493 875 2547 muita
886 2493 999 2548 scientia
1006 2493 1114 2562 sapien·
1166 2498 1313 2570 analytice,
1332 2498 1384 2554 boc
1397 2505 1455 2562 εει,
1476 2514 1525 2568 per
1539 2499 1700 2571 analyticam
1715 2500 1742 2555 in
1757 2501 1957 2572 simplicitatem

325 2583 417 2642 uocat
440 2583 555 2656 Nullius,
572 2586 624 2640 nisi
653 2584 785 2640 existentis
813 2584 934 2655 principii
966 2592 990 2638 et
1021 2601 1116 2639 consue
1165 2587 1321 2648 caelestium
1337 2589 1736 2652 animorum'saalnrrsbenim
1750 2593 1957 2662 estdisciplins.

324 2661 565 2746 salsumtpcae'et
579 2678 735 2732 continentis
749 2677 851 2732 uirtutis
867 2677 1115 2744 cousummationis,
1143 2683 1235 2750 'qnae
1258 2677 1404 2733 visibilium
1428 2678 1575 2751 imaginum
1602 2680 1856 2751 interpretationem
1882 2685 1904 2716 ⁸¹
1928 2673 1958 2738 iu

323 2786 357 2832 er
371 2786 423 2844 qua
441 2757 566 2838 caelestis
579 2770 753 2844 intelligentia
769 2779 797 2826 et
807 2771 918 2826 seleutia
930 2770 1117 2842 copiosissime
1141 2827 1144 2840 ,
1167 2770 1342 2825 invisibilium
1375 2771 1563 2827 intellectuum
1597 2772 1813 2829 uniformitatem
1838 2775 1957 2838 resoluit.

323 2847 578 2944 sttpcrmnndalibos
594 2862 777 2919 intellectibus
791 2862 890 2918 donata
903 2870 955 2919 est.
1166 2863 1238 2916 omui
1255 2860 1341 2917 fornia
1355 2864 1515 2918 carentium.
1535 2863 1568 2919 tu
1584 2862 1657 2918 euim
1686 2865 1834 2935 symbolice
1860 2866 1962 2922 risibi-

1166 2955 1232 3013 linm
1265 2973 1354 3012 rerum
1384 2957 1547 3028 imaginibus
1573 2959 1630 3013 sive
1654 2958 1780 3014 discretis
1803 2967 1830 3015 et
1853 2973 1967 3016 aurive-a¹

551 3024 794 3087 cuttuututt
812 3025 876 3084 Π.

583 3139 667 3212 cuns
685 3141 779 3198 titulus
789 3150 852 3197 cst:
1167 3153 1217 3194 nos
1241 3139 1329 3194 induit
1342 3138 1507 3204 intellectus,
1531 3139 1569 3193 ita
1597 3140 1707 3195 cosulem
1730 3140 1863 3214 analytice
1884 3145 1967 3200 omni

1130 3207 1299 3301 Ccorporea
1338 3231 1516 3286 similitudine
1558 3231 1825 3303 conformationeque
1868 3236 1967 3291 exult.

326 3301 400 3375 0⁸⁸⁶
414 3301 465 3357 ’ΞΜ
480 3299 634 3371 ii’i'm‘i‘i'W
644 3300 823 3373 “diesii‘ifflm
838 3300 963 3355 ”imm
976 3300 1115 3373 imiimi
1168 3319 1256 3377 Unum
1280 3332 1367 3377 nutem
1390 3325 1424 3377 sit
1445 3322 1492 3376 tibi
1515 3324 1723 3393 praecognitam,
1742 3326 1873 3395 momodo
1886 3342 1970 3383 sacre

444 3380 472 3427 ‘i
486 3388 553 3443 Μ
571 3371 674 3437 “Mis
691 3371 739 3426 ¹⁸⁰⁶
756 3382 795 3425 “¹
815 3383 840 3426 ⁶¹
853 3371 954 3442 ΜΨ
967 3384 991 3425 ⁸·
1168 3414 1343 3484 [armaturam
1356 3413 1501 3483 imaginum
1515 3414 1685 3468 resolutiones
1698 3416 1804 3470 eosdem
1817 3417 1968 3489 eligeretis

352 3504 398 3583 df.
409 3502 433 3558 F
433 3503 489 3560 σι’·
495 3506 564 3578 quod
576 3515 664 3569 restet,
676 3504 833 3559 remittentes
840 3515 969 3568 trostrnm,
977 3504 1000 3559 si
1006 3505 1117 3572 ridetur,
1168 3505 1318 3560 coelestium
1332 3504 1502 3558 essentiarum
1519 3507 1701 3574 dispositioncs
1715 3509 1916 3575 stractifieuutes
1928 3515 1970 3565 sl·

325 3594 525 3651 intellectualem
539 3594 643 3650 oculum
657 3596 727 3648 circo
745 3593 868 3648 sublimes
888 3594 1118 3665 contemplationes
1134 3599 1138 3607 '
1167 3597 1303 3668 guipeout,
1319 3607 1343 3650 et
1362 3597 1458 3650 iterum
1472 3598 1662 3666 sanctificatos,
1684 3608 1709 3653 et
1730 3601 1884 3657 normanus
1896 3619 1968 3659 sua·

325 3686 441 3758 angelico
452 3694 474 3729 ¹¹
488 3688 575 3757 ripere
588 3685 623 3739 od
636 3685 771 3739 diuiduum
782 3694 806 3739 et
818 3683 1120 3754 turulttpormumtstan-
1168 3678 1325 3758 eripientes,
1349 3688 1578 3758 sanctificatasque
1602 3691 1716 3760 pumat,
1741 3702 1766 3745 et
1787 3694 1909 3758 eosdm,
1937 3704 1969 3750 st

324 3780 441 3835 tudinem
454 3778 624 3850 maltisirmis
642 3779 821 3849 angelicorum
840 3777 1063 3849 specificationum
1075 3796 1119 3832 uo·
1168 3781 1267 3833 dictum
1281 3788 1329 3841 est,
1351 3780 1449 3849 primos
1470 3790 1494 3835 et
1515 3781 1614 3835 medios
1635 3791 1660 3836 et
1685 3781 1825 3838 altimus*
1838 3785 1970 3843 tutata

324 3870 437 3935 rietatis,
448 3868 630 3925 descendentes
638 3869 732 3923 iterum
742 3869 769 3921 iu
780 3868 843 3938 ipsis
854 3877 980 3933 lunanum
989 3868 1016 3941 in
1026 3885 1118 3922 conse·
1168 3870 1287 3933 uirtutes,
1307 3868 1380 3922 nulio
1396 3870 1547 3923 inordinata
1566 3871 1667 3924 ratione
1681 3871 1845 3939 introducto,
1864 3888 1969 3929 uena·

324 3957 695 4030 gaetuliusinsimplicitutem
706 3957 1013 4013 coelestintuouimornm
1025 3958 1119 4029 canly·
1168 3963 1231 4017 dum
1245 3962 1395 4032 injucundi
1411 3965 1599 4017 reserationum
1615 3962 1638 3997 ¹·
1652 3964 1771 4018 modurn.
1794 3964 1864 4020 Prae
1886 3977 1971 4024 oete·

326 4057 375 4101 ture
386 4044 408 4079 ¹⁸
415 4047 527 4129 reperis.
540 4048 596 4103 Sibi
605 4047 824 4118 ipsiimperatuel
832 4046 983 4113 Timotheo,
995 4048 1037 4101 cni
1053 4041 1136 4102 baec'
1169 4052 1223 4117 ris,
1239 4054 1342 4123 iuquit,
1361 4052 1396 4107 sit
1411 4052 1458 4107 tibi
1473 4052 1523 4108 boc
1552 4068 1634 4108 unum
1648 4055 1860 4127 antecognitum,
1876 4062 1907 4109 ut
1923 4056 1971 4113 ln·

286 4136 290 4145 '
327 4138 451 4209 scripsit:
467 4138 521 4193 Fer
538 4138 716 4207 qutrdrestat,
741 4140 792 4193 boc
804 4146 857 4203 est,
882 4134 940 4193 iure
958 4139 1119 4206 ottoburae·
1170 4146 1284 4217 telligas,
1314 4154 1448 4216 quomoeo
1484 4152 1637 4199 salamanna
1665 4146 1835 4214 imaginum,
1861 4146 1972 4217 quarm

299 4230 302 4237 ’
326 4232 412 4288 sentis
435 4230 525 4304 operis
543 4241 583 4286 est
605 4232 749 4318 residuum.
769 4231 948 4286 ilentittentes
972 4232 1006 4295 ¹⁸,
1021 4230 1074 4294 vel.
1091 4222 1132 4284 ut
1169 4235 1300 4291 caelestes
1311 4236 1460 4291 intellectus
1472 4236 1632 4307 ligurantur,
1645 4237 1830 4299 resolutiones,
1843 4238 1897 4293 boc
1908 4248 1973 4309 est,

290 4366 296 4373 -
325 4327 435 4400 proprie
449 4325 621 4391 transfertur,
638 4326 809 4398 requiescere
830 4325 960 4381 lacietttes
975 4335 1118 4390 rtostruut,
1170 4330 1415 4401 interpretationes,
1434 4328 1485 4391 uel.
1501 4327 1568 4383 sicu·
1584 4327 1976 4399 peupriededtaecotraaae-

326 4420 349 4475 ιῑ
369 4420 419 4495 libi,
442 4420 561 4481 videlili-
574 4434 591 4475 0
605 4418 629 4451 ⁸¹
646 4417 802 4483 Timothei).
825 4415 1033 4473 intellectualem
1053 4432 1117 4470 θιιι·
1170 4423 1266 4485 fertur,
1284 4421 1487 4493 repurgationes
1506 4421 1545 4475 tel
1563 4421 1736 4476 discretiones
1749 4435 1795 4475 sen
1813 4419 1975 4479 indicatio-

1166 3047 1314 3113 nieutibns,
1339 3048 1397 3102 sive
1428 3047 1548 3103 confusis
1572 3057 1600 3104 et
1622 3048 1874 3105 inconvenientibus
1886 3050 1965 3105 diri·
2068 3051 2072 3060 '

286 4587 288 4591 y
325 4511 563 4585 lntnabungclico
577 4512 668 4585 rigore
682 4510 716 4575 ¹⁸,
732 4511 766 4565 ab
780 4508 900 4579 angelica
913 4507 990 4579 plane
1004 4509 1118 4570 tbeoria,
1171 4512 1544 4586 tressignificant¹⁰eostlent
1562 4514 1679 4574 orcitus,
1696 4511 1973 4585 qutosrocatdispo-
2073 4530 2074 4543 ι

327 4620 397 4677 quae
416 4605 636 4660 hactennscitca
658 4602 788 4657 sublimes
812 4599 969 4655 caelestium
985 4602 1119 4654 essentia·
1136 4578 1285 4658 Dsitiones
1298 4602 1456 4659 caelestium
1476 4603 1652 4658 cssettliuruttt
1672 4604 1880 4664 sattctlticantet,
1910 4603 1973 4661 boe
2073 4618 2074 4657 1

328 4714 388 4755 rum
417 4698 658 4770 contemplationes
683 4696 769 4752 aciem
794 4709 871 4749 snam
896 4698 1032 4759 eserctttt3
1049 4708 1121 4748 nunc
1173 4703 1214 4749 est
1227 4695 1261 4755 ἰ.
1276 4708 1305 4749 se
1320 4692 1461 4750 inferiores
1472 4696 1640 4759 orniunues,
1655 4706 1682 4751 et
1695 4694 1974 4753 iternru¹¹suuctlb=
2073 4688 2074 4695 '

968 4830 1095 4889 lautae
1112 4830 1312 4889 mentones

365 4942 683 5008 ‘iiamilbbileiiim
729 4943 901 5012 'bisernum
948 4944 1179 5016 ⁸Gnuj.,prouoa
1191 4943 1363 5000 bilanciis.
1401 4942 1728 5012 *Betaomirrumumbc
1765 4950 1866 5009 'lma
1906 4949 1975 5010 'n‘

330 5016 523 5089 marg3adscr.
542 5013 680 5085 snpientia.
718 5013 887 5069 ‘Bornuniu
925 5014 979 5069 'B‘
996 5031 1069 5070 corr.
1091 5014 1161 5083 fecit.
1198 5016 1249 5068 ¹il*
1266 5015 1421 5085 cormfeeit.
1458 5015 1652 5084 'ilsnptcuten
1691 5018 1713 5051 ¹⁰
1751 5021 1970 5088 ‘snpraadsffi

329 5087 453 5158 Furcae.
492 5091 513 5125 ¹¹
525 5084 556 5140 tt·
572 5100 652 5153 snpra
664 5085 752 5141 atlscr.
768 5085 800 5137 ui
821 5083 953 5149 anigelicn.
990 5084 1279 5153 vennunculam.
1326 5086 1551 5141 ”alluentium
1570 5089 1609 5142 sic
1624 5087 1733 5156 timaus.
1770 5087 1793 5121 ¹⁸
1810 5094 1885 5143 terr.
1920 5090 1970 5161 B‘,

330 5157 511 5214 Adseruilles.
550 5152 724 5210 ”Onnum
764 5153 787 5186 ¹⁸
807 5157 895 5224 uigore
914 5168 969 5208 unt.
990 5149 1022 5218 Β,
1043 5156 1076 5209 ati
1100 5170 1183 5224 tttacg.
1202 5155 1338 5210 adsenil‘
1376 5155 1441 5209 ¹’il'
1460 5157 1634 5211 coruneluti.
1673 5157 1729 5213 ¹⁸13
1752 5159 1968 5223 utaltiperts'tnr,

330 5226 562 5293 ”borennas
579 5226 764 5296 superiaciem.
800 5223 823 5257 '⁰
860 5223 1229 5295 Corr.tt·‚uttuutnprut.
1269 5225 1451 5280 carnaea.
1493 5225 1619 5296 ”Currj..
1634 5227 1679 5281 ΑΒ
1693 5246 1781 5300 qnam
1816 5227 1972 5301 “iis-per

331 5317 571 5405 (patrissantis).
609 5314 1109 5398 '‘Corr.il';proodquuebi3otone.
1148 5314 1274 5384 ’'Aqai.
1311 5315 1649 5397 ’‘Caotr.il'‚bllrepeffl‚
1700 5319 1816 5376 nom·
1842 5303 1970 5387 ΗΑΒ

330 5400 584 5463 interpretationem.
622 5386 836 5442 ”bultrutustt
850 5387 958 5443 medrus.
997 5386 1019 5420 ¹⁹
1033 5389 1072 5441 bal
1087 5401 1170 5457 rttarg.
1191 5401 1262 5441 corr.
1277 5387 1318 5451 tr,
1333 5385 1534 5443 Adrattotrtuu.
1572 5388 1594 5423 ⁸⁰
1608 5389 1639 5451 B·
1655 5393 1689 5446 ad
1702 5407 1790 5465 marg.
1803 5394 1895 5453 adscr.
1909 5395 1970 5453 ala·-

284 5492 288 5497 ·
331 5462 447 5535 pseudo.
485 5459 557 5515 “ert
574 5473 630 5514 om.
643 5457 674 5523 tt
689 5458 874 5529 suprasdscr.
888 5456 932 5513 il'.
968 5457 990 5489 ⁸¹
1001 5458 1098 5513 iterum
1110 5472 1165 5513 om.
1181 5455 1211 5510 tt.

1092 5567 1218 5626 NOTAE.

281 5722 301 5759 .·
371 5691 478 5749 ·stet
508 5688 606 5747 litteris
630 5686 760 5770 miniatis.
787 5683 937 5740 Btitnlnm
953 5684 1062 5767 omittit,
1092 5682 1122 5736 B·
1176 5686 1221 5768 pot
1238 5687 1443 5769 eyrgqppqup
1463 5685 1615 5771 pompm
1636 5690 1814 5767 „Quem
1834 5690 1974 5760 m

283 5828 290 5842 ,
337 5760 562 5835 uirgineas.
582 5757 634 5817 XV
658 5757 892 5835 iuctptttroctottts
915 5756 948 5811 de
967 5757 1044 5811 tetulo
1071 5753 1125 5809 st
1179 5772 1314 5826 imagines,
1331 5757 1394 5829 parti
1407 5770 1440 5811 stt
1460 5774 1564 5830 symm
1577 5770 1627 5816 aar,
