4167 6625
83 471 146 532 att
503 473 547 533 aa
565 472 733 533 atttstoua
752 469 925 530 natanta.
945 498 981 513 -
999 450 1098 523 staua
1117 462 1309 544 saeuitum.
1668 463 1720 520 aaa

81 590 121 644 in
140 595 243 644 antara
262 597 349 642 reram
370 588 514 655 inuenitur,
535 604 610 660 qrtae,
629 605 644 645 a
662 586 881 660 primordialibus
895 587 918 646 Α
933 584 1065 640 unitatem,
1077 590 1101 635 et
1113 580 1329 634 ordinatoransut
1340 577 1521 632 ordinatorum
1534 591 1616 645 perse
1636 578 1720 647 msam

80 672 191 733 nausii
206 676 331 733 inelialnli
348 679 549 749 participatione
561 695 613 736 aton
629 681 765 750 pracedat.
785 679 883 733 Setiam
933 671 1134 734 ordinationem,
1148 679 1172 723 tl
1188 668 1311 727 aliorum,
1331 679 1498 737 tisteiussilss
1519 663 1541 697 ¹¹
1563 666 1642 737 illim
1666 668 1723 720 ⁸⁸0⁶

80 765 159 837 quis
175 768 322 830 existimat,
336 777 405 837 alnae
423 770 456 823 de
474 771 690 840 printordlaiiltus
703 772 793 826 causis
812 765 881 823 dixi·

80 871 170 920 mas,
185 855 283 910 truilias
294 857 464 912 auctoritatis
478 857 627 914 munimine
638 858 738 924 iaiciri,
748 859 881 928 quaedam

77 957 123 997 ex
144 943 221 998 libro
233 946 319 1000 sancti
333 946 417 1014 patris
439 947 448 996 .⁸
464 946 583 1018 llioapsii
604 949 637 1004 de
648 949 746 1003 diuinis
761 947 882 1002 Nomini-

77 1031 143 1087 bus
159 1032 226 1088 isaie
238 1034 312 1101 operi
334 1036 455 1090 inserere
474 1051 528 1091 non
545 1036 722 1107 incongruam
743 1036 879 1091 tiaxiatus.

77 1123 169 1180 Dese.
187 1122 229 1179 Nil
245 1127 345 1194 aptius,
364 1127 402 1181 nit
416 1128 488 1183 veris
508 1128 657 1185 sationibus
676 1130 881 1186 convenientius

74 1213 363 1285 subjungitur,quam
371 1226 526 1273 sanctorum
537 1218 646 1274 Patram
659 1219 883 1287 inconcussapru-

74 1305 247 1376 habitasque
264 1309 422 1364 auctoritas.
444 1308 514 1364 iias.
537 1312 582 1364 aa
598 1325 663 1381 erqo
684 1311 710 1365 in
739 1311 881 1365 undecima

72 1395 225 1463 prostituti
236 1395 277 1452 sui
293 1396 356 1452 libri
371 1399 508 1468 capitulo:
524 1397 595 1464 Quid
609 1411 696 1455 autem
711 1401 826 1466 amitino,
840 1402 880 1454 irs-

71 1486 160 1554 quis,
185 1486 254 1554 quod
275 1488 451 1556 perseipsum
478 1505 533 1543 esse
550 1490 648 1542 dictum
665 1499 713 1554 cst,
735 1498 781 1541 unt
801 1488 812 1518 ¹
834 1504 881 1558 per

72 1574 205 1642 seipsum
221 1575 282 1638 uita,
302 1587 346 1628 aut
357 1592 524 1646 quaecunque
534 1577 651 1632 absolute
664 1587 688 1632 et
701 1577 881 1647 principaliter

72 1680 142 1717 esse
173 1666 350 1734 exposuimus.
382 1665 441 1720 Hoc
469 1669 579 1723 dicimus
608 1686 659 1722 uon
685 1679 722 1723 est
753 1686 879 1738 prorant,

72 1753 130 1807 sed
148 1763 261 1818 emtum,
282 1765 306 1809 et
324 1756 467 1826 simplicem
487 1757 689 1812 declarationem
708 1757 794 1812 babet.
817 1755 879 1812 Non

72 1846 157 1898 enim
177 1847 315 1901 essentiam
331 1848 465 1918 quandam
479 1849 594 1903 diuinam
609 1848 648 1903 uel
663 1849 807 1919 anqelicam
822 1865 877 1904 essc

931 759 1010 831 liujus
1027 763 1079 814 sire
1101 759 1122 791 ⁸⁸
1145 758 1280 813 uariorum
1301 754 1474 809 inultorumue
1486 754 1509 787 ¹⁸
1520 757 1721 825 participantia,

931 851 980 904 boc
990 859 1035 904 arat
1049 852 1097 903 boc
1108 857 1153 902 aut
1164 847 1240 902 ambo
1251 856 1296 900 ant
1311 844 1394 899 turrita
1407 855 1479 909 sunt,
1492 860 1577 914 perse
1590 848 1646 914 ipsa
1657 861 1719 915 par·

931 939 1066 1008 ticipantio
1079 938 1203 1003 inuenies,
1221 937 1304 1006 ipsius
1316 951 1371 989 esse
1382 935 1496 1004 primum
1509 945 1543 988 ea
1557 935 1721 1005 participan-

931 1029 978 1093 tia,
991 1039 1015 1081 et
1031 1029 1064 1081 ab
1079 1044 1109 1081 ea
1124 1043 1179 1082 esse
1193 1027 1306 1097 primunt
1324 1024 1426 1094 quidem
1448 1023 1604 1086 existentin,·
1624 1023 1718 1077 deinde

930 1117 1009 1186 liujus
1027 1129 1073 1171 ant
1089 1117 1169 1186 bajus
1187 1115 1313 1185 principia
1332 1114 1520 1178 existentiaet
1536 1113 1718 1183 participanda

929 1222 960 1259 eo
971 1204 994 1237 ⁸⁸
1006 1221 1062 1259 esse
1075 1204 1211 1257 existentia
1228 1202 1394 1272 participata.
1410 1200 1440 1256 Si
1456 1210 1542 1254 autem
1556 1201 1620 1254 itaer
1634 1199 1720 1269 parti·-

929 1296 1058 1365 ripatione
1068 1311 1124 1348 esse
1140 1301 1210 1357 sunt,
1226 1293 1308 1345 multo
1324 1291 1407 1359 mapis
1419 1306 1508 1344 eorum
1521 1290 1716 1361 participantia.

930 1384 964 1438 Et
980 1384 1061 1455 patrio
1084 1395 1144 1455 past
1164 1401 1171 1437 ι
1192 1382 1296 1436 Etenim
1310 1384 1338 1435 iu
1356 1381 1465 1434 monade
1487 1381 1570 1434 artinis
1594 1396 1717 1434 numerus

930 1482 990 1526 ante
1002 1474 1136 1536 subsistit,
1152 1482 1177 1526 ct
1191 1472 1266 1525 ltabet
1279 1485 1380 1523 ontneat
1395 1485 1529 1522 caramerum
1548 1485 1639 1523 monas
1652 1471 1680 1524 in
1689 1485 1718 1524 ss

929 1562 1179 1630 ipsasinqutnriter,
1194 1568 1220 1612 et
1233 1559 1318 1612 ononis
1332 1574 1455 1612 numerus
1471 1559 1560 1610 unitur
1574 1558 1678 1627 quidem
1690 1561 1718 1613 in

929 1653 1051 1705 monade.
1068 1650 1203 1717 Quantam
1221 1659 1308 1703 atatem
1323 1666 1339 1703 a
1354 1648 1377 1680 ⁸⁸
1392 1649 1503 1702 monade
1516 1649 1646 1716 prouenit,
1657 1657 1719 1702 tan·

929 1751 984 1795 tum
998 1741 1153 1794 discernitur
1161 1747 1186 1793 et
1200 1736 1398 1807 multiplicatam.
1413 1736 1447 1790 Et
1457 1737 1484 1790 in
1495 1747 1583 1792 centro
1592 1753 1685 1792 omnss
1696 1738 1721 1770 ⁸⁸

930 1832 1022 1888 circuli
1044 1832 1127 1885 lineae
1144 1830 1286 1884 recitatam
1303 1828 1415 1898 primam
1432 1829 1557 1883 acritatem
1574 1828 1720 1884 consubsti-

75 1933 202 1988 dicimus
217 1934 228 1965 ⁸
248 1936 414 2006 perseipsum
428 1937 561 1993 existendo
581 1940 719 2004 existendi,
728 1956 795 2010 quae
805 1949 876 2006 rarat,
891 1933 914 1992 B
928 1932 999 1975 Μαί
1009 1929 1087 1985 8ῑήῑὲ
1099 1929 1123 1973 ⁶⁸
1134 1933 1221 1973 ⁰⁸⁸⁸&
1231 1918 1306 1973 ΛΜ
1316 1919 1418 1987 ’filum
1430 1918 1457 1972 ⁸⁸⁸
1467 1924 1601 1988 ³⁸⁸⁸⁸⁶⁸⁸l⁸⁸⁰
1610 1918 1720 1990 ⁸⁸⁸⁸i⁸⁸⁸

75 2035 209 2076 causam.
223 2019 391 2079 solummodo
398 2025 467 2079 enim
477 2027 603 2080 existendi
618 2028 716 2091 omnia,
733 2039 877 2098 quaesunt,

74 2118 106 2163 et
122 2111 284 2165 subsistendi
296 2112 307 2143 ⁸
317 2114 401 2183 ipsam
413 2132 469 2170 esse
489 2118 703 2186 superessentiale
720 2119 879 2189 principiam

75 2207 106 2251 et
138 2200 270 2254 essentiae
288 2200 300 2233 ⁸
321 2202 436 2266 causale,
459 2220 539 2276 neque
557 2206 625 2260 uitae
642 2216 774 2277 parentem
797 2206 878 2261 aliam

76 2287 213 2343 deitatem
232 2301 336 2360 praeter
353 2294 547 2362 superdivinam
565 2296 696 2362 anartium,
711 2314 879 2368 quaecunque

77 2379 179 2432 sinunt
196 2387 222 2433 et
234 2379 320 2435 editas
336 2383 403 2436 sitae
416 2399 524 2439 causam
538 2386 626 2440 ritant.
638 2386 691 2442 Sed
707 2388 878 2458 perseipsum

78 2483 142 2521 esse
165 2477 190 2523 ct
209 2485 256 2535 per
276 2471 387 2540 seipsam
407 2474 487 2526 uitam
504 2486 529 2527 et
549 2492 597 2544 per
622 2476 734 2545 seipsam
756 2477 878 2532 deitatem

78 2558 201 2613 dirimas
215 2557 397 2628 principaliter
413 2563 517 2631 quidem
532 2573 556 2617 et
571 2564 734 2634 deiformiter
744 2577 768 2621 ct
783 2584 879 2623 causa-

78 2647 146 2700 (ster
157 2663 239 2701 arnum
255 2664 370 2702 orrrnrnm
386 2652 646 2722 superprincipalem
664 2658 878 2724 superessentiale

78 2737 246 2807 principiam
260 2748 285 2793 et
308 2757 427 2806 causam,
439 2744 629 2814 participaliter
647 2755 734 2800 autent
746 2749 831 2802 editas
845 2767 879 2804 ec

79 2826 141 2881 Deo
165 2846 216 2883 non
237 2831 409 2901 participante
429 2834 551 2901 prouidus
564 2837 680 2901 virtuter,
701 2840 877 2907 perseipsum

80 2918 290 2987 deifieationem,
302 2938 368 2991 quas
381 2924 517 2978 existentia
533 2926 636 2995 proprie
654 2928 755 2982 sibimet
767 2930 876 2997 partici-

80 3018 161 3075 pent,
171 3018 194 3063 ct
206 3009 353 3075 existentia,
364 3022 388 3064 et
396 3012 516 3077 uirentia,
529 3024 552 3067 et
563 3013 652 3067 diuina
664 3025 736 3080 sant,
749 3025 773 3071 et
784 3017 876 3070 dicuu-

80 3109 139 3160 tur,
152 3099 241 3152 etalio
256 3100 385 3156 similiter.
408 3100 524 3157 Proinde
539 3102 551 3134 ⁸
564 3114 589 3158 st
602 3105 746 3174 primarum
759 3105 875 3175 ipsarum

81 3190 200 3256 optimus
212 3191 366 3244 substitutor
379 3191 557 3259 dicituresse‚
574 3194 667 3248 deinde
674 3194 874 3264 particularium

931 2008 1013 2062 lineas
1032 2007 1198 2078 uniformiter
1213 2006 1301 2061 unitos
1323 2006 1358 2059 nd
1375 2022 1402 2059 se
1416 2005 1524 2060 inuicem
1544 2016 1568 2061 et
1583 2009 1617 2060 ud
1636 2025 1719 2063 unum

929 2099 1099 2167 principium,
1113 2113 1146 2151 ec
1156 2112 1208 2165 quo
1220 2096 1374 2167 procedunt,
1388 2105 1411 2149 et
1429 2097 1457 2149 its
1471 2097 1526 2165 ipsa
1541 2099 1644 2165 quidem
1658 2115 1719 2152 cen-

929 2195 970 2241 tro
982 2186 1163 2240 uniuersaliter
1176 2185 1337 2239 adunantur.
1351 2184 1489 2255 Paulisper
1500 2185 1521 2219 ⁸⁸
1536 2198 1621 2241 nartem
1634 2205 1665 2241 eo
1677 2188 1718 2240 dr'·

928 2285 1027 2329 stantes
1040 2274 1173 2346 paulisper
1181 2274 1404 2339 ⁸⁸diseernuntur‚
1413 2276 1586 2345 maqisantem
1595 2279 1718 2331 recedeti-

929 2380 966 2425 tes
986 2370 1069 2442 maqis
1084 2380 1107 2423 et
1122 2368 1280 2439 simpliciter,
1297 2380 1426 2439 quantum
1446 2380 1533 2423 centro
1546 2371 1718 2439 proximiores

928 2472 1000 2524 sunt,
1022 2472 1124 2516 tantam
1147 2469 1171 2514 et
1194 2460 1243 2530 ipsi
1266 2470 1290 2513 et
1311 2459 1362 2513 sibi
1374 2455 1484 2513 inarcem
1505 2461 1666 2524 adunantur,
1691 2470 1719 2516 ct

927 2561 1054 2621 quautam
1067 2566 1109 2615 eo,
1123 2560 1224 2603 tantum
1236 2559 1286 2603 eta
1299 2565 1327 2603 se
1343 2547 1450 2602 inuicem
1463 2548 1571 2603 distant.
1586 2549 1638 2604 Sed
1650 2559 1675 2604 et
1689 2550 1719 2606 itt

928 2650 984 2693 tota
1004 2640 1121 2693 amnium
1141 2647 1237 2693 natura
1257 2653 1347 2692 omues
1367 2639 1509 2692 secundum
1530 2639 1648 2710 sinqnlas
1669 2658 1719 2695 rra-

927 2739 1002 2782 turns
1024 2729 1137 2781 rationes
1158 2728 1310 2782 consolatae
1327 2738 1386 2781 sunt
1401 2745 1447 2798 per
1461 2745 1539 2782 ranam
1552 2731 1717 2800 inconfusam

929 2818 1065 2882 unitatem,
1081 2825 1105 2870 et
1119 2818 1146 2870 in
1161 2815 1248 2869 aniam
1263 2816 1285 2849 ⁸⁸
1295 2816 1462 2884 uniformiter
1474 2817 1616 2870 secundum
1628 2829 1716 2888 partes

928 2907 1044 2960 omnium
1054 2906 1178 2975 providae
1191 2908 1272 2960 tatius
1285 2905 1401 2973 corporis
1411 2906 1526 2959 uirtutes.
1543 2905 1591 2959 Nil
1603 2923 1665 2976 erqo
1674 2908 1712 2961 in·

927 3013 1095 3067 consequent,
1112 3013 1146 3050 ea
1165 2996 1282 3051 obscuris
1300 2995 1456 3065 intaqinibus
1474 2996 1502 3048 in
1521 2996 1636 3049 omniunt
1653 3013 1717 3051 cun-

926 3090 981 3143 snle
993 3089 1171 3152 ascendentes,
1190 3087 1422 3158 supermundanis
1439 3086 1522 3141 oculis
1545 3088 1716 3157 contemplari

927 3181 1014 3233 omnin
1026 3181 1054 3233 in
1063 3180 1179 3233 omniunt
1190 3176 1301 3242 causali,
1316 3186 1340 3231 et
1351 3177 1400 3231 sibi
1408 3177 1516 3231 inuicem
1526 3179 1644 3247 apposita
1656 3179 1716 3231 ani·

81 3277 214 3346 ipsoram.
227 3278 321 3333 deinde
336 3288 449 3334 totarum
463 3287 533 3351 ipsas
546 3282 770 3352 participantium,
781 3272 910 3338 deinch
926 3269 1045 3340 immisti
1056 3277 1080 3322 ὅ
1094 3268 1168 3322 “²¹⁸¹ss
1180 3267 1202 3299 ¹⁰
1212 3282 1222 3332 t
1232 3264 1388 3337 principium
1405 3266 1473 3321 ‘tim
1486 3274 1523 3321 Μ
1537 3267 1714 3328 effluentium.

81 3367 283 3434 particulariter
294 3385 339 3422 eas
354 3371 579 3440 participantium.
597 3371 632 3425 lit
649 3372 713 3442 quid
726 3382 824 3442 oportet
842 3373 874 3426 tle

82 3455 127 3508 ltis
142 3454 244 3520 dicere,
258 3458 363 3527 quando
377 3459 483 3528 quidam
504 3460 651 3514 diuinorum
667 3472 814 3516 nostrornm
828 3479 872 3516 sa·

84 3560 191 3599 crorum
207 3548 390 3615 nrapistrorum
402 3565 449 3619 per
463 3550 574 3617 seipsam
591 3550 710 3605 bonitatis
724 3560 748 3604 et
769 3550 874 3605 deitatis

82 3634 290 3688 substitutricem
313 3638 324 3669 ⁸
344 3638 419 3691 aiant
442 3638 580 3708 plusquam
604 3642 728 3710 optimam
761 3649 786 3693 et
800 3638 875 3709 plns·

83 3740 164 3793 qsarrs
180 3725 295 3779 diuinam
315 3743 360 3796 per
378 3730 490 3797 seipsam
509 3729 649 3783 bonitatem
663 3741 686 3782 et
701 3731 873 3794 diuinitatem,

82 3815 198 3867 dicentes
210 3830 266 3869 esse
278 3815 418 3884 beneficam
439 3827 464 3871 et
485 3818 606 3886 deificam
618 3836 650 3874 ec
667 3819 721 3874 Deo
733 3822 873 3889 proceden-

84 3915 135 3958 tem
151 3903 335 3970 donationem,
360 3917 384 3960 et
397 3923 482 3974 perse
495 3909 579 3976 ipsam
596 3910 709 3977 foratam
719 3927 765 3978 per
778 3927 816 3973 se,
831 3912 873 3979 ip·
889 3915 897 3933 ⁶

84 4012 142 4049 mm
153 3992 309 4063 formificam
315 3996 457 4064 fusionem,
469 4006 493 4049 et
505 4007 586 4050 totam
599 3998 722 4067 formant,
730 4009 753 4053 et
762 4000 875 4067 particu-

85 4082 167 4136 larem
185 4081 308 4151 formam,
325 4095 349 4137 et
371 4084 551 4139 uniuersaliter
563 4086 642 4152 barra,
658 4097 682 4140 et
705 4103 874 4158 quaecunque

85 4171 140 4224 alia
153 4172 295 4225 usuardum
306 4173 414 4227 eandem
436 4175 506 4243 dictp
520 4185 580 4229 sam
590 4187 613 4230 et
627 4178 746 4232 dicentur
756 4182 871 4243 nrorlam,

87 4259 248 4315 declarantia
277 4263 465 4331 procidentiam
488 4275 512 4319 et
537 4266 678 4320 bonitatem
703 4269 872 4338 participatas

87 4350 119 4404 ab
130 4350 308 4416 existentibus,
322 4368 354 4405 ea
369 4352 421 4406 lieo
440 4370 492 4407 non
505 4356 676 4425 participante
686 4360 872 4426 proaertientes,

87 4451 111 4494 et
124 4440 251 4509 ⁸copiosa
272 4440 374 4509 fusione
388 4452 411 4495 et
422 4451 638 4512 superscatentes,
654 4454 681 4497 ut
696 4444 806 4516 diliqens
817 4462 872 4500 ont·

88 4528 160 4583 niam
171 4528 284 4583 cumulis
297 4531 434 4585 sunamites
451 4534 567 4586 orrttrium
584 4544 607 4588 et
621 4537 835 4604 superessentiale
848 4546 871 4591 et

925 3375 958 3414 er
971 3377 1022 3430 quo
1033 3368 1058 3412 et
1070 3361 1155 3429 ipsam
1169 3374 1233 3423 esse,
1247 3366 1271 3411 et
1286 3356 1373 3411 omnia
1383 3365 1512 3427 utcumque
1525 3356 1547 3391 ⁸⁸
1565 3359 1714 3417 existentia,

926 3468 1002 3506 omne
1013 3450 1180 3520 principium,
1199 3448 1283 3504 omrris
1295 3449 1366 3517 finis,
1378 3464 1409 3502 ac
1419 3449 1442 3480 ⁸⁸
1456 3449 1541 3503 omnis
1553 3449 1617 3515 uita,
1631 3451 1715 3504 oannis

926 3541 1120 3603 immortalitas,
1132 3540 1215 3593 omnis
1226 3539 1364 3608 sapientia,
1378 3539 1462 3593 omnls
1472 3538 1548 3603 orda,
1560 3540 1644 3594 omnis
1655 3541 1716 3595 lar·

926 3632 1031 3691 rnonia,
1049 3629 1133 3684 omnis
1145 3631 1242 3693 uirtus,
1256 3628 1339 3683 omnis
1353 3627 1488 3693 custodia,
1502 3629 1585 3683 omnis
1599 3629 1714 3683 colloca·

925 3721 963 3774 tio
976 3720 1010 3785 ⁸⁸,
1025 3721 1110 3774 omnis
1124 3719 1288 3781 distributio,
1303 3718 1388 3772 omnis
1401 3715 1555 3782 intellectus,
1570 3720 1653 3772 ornnis
1667 3735 1714 3772 ra-

925 3814 971 3878 tio,
986 3815 1071 3869 omrris
1081 3830 1183 3879 sensas,
1196 3812 1281 3866 omnis
1296 3811 1409 3875 babitus,
1421 3812 1506 3865 amnis
1520 3822 1614 3875 status,
1628 3814 1714 3866 omnis

925 3912 1021 3967 stratus,
1039 3905 1123 3956 omnis
1136 3906 1232 3964 unitas,
1245 3917 1320 3955 ontrre
1332 3901 1475 3970 fudiciam,
1486 3902 1569 3955 onmis
1584 3903 1711 3965 amicitia,

927 3991 1011 4044 narnis
1025 3991 1177 4060 compactio,
1192 3990 1277 4043 omnis
1292 3989 1424 4053 discretio,
1438 3992 1523 4045 omnis
1537 3992 1675 4057 terminas,
1686 4002 1712 4046 et

923 4077 978 4131 alia
993 4079 1145 4132 nominatim
1159 4077 1195 4144 ⁸⁸,
1206 4094 1375 4149 quaecunque
1391 4079 1423 4133 alr
1434 4095 1490 4134 esse
1502 4081 1639 4135 esisteutin
1652 4099 1710 4136 ont·

926 4170 970 4223 trin
984 4170 1202 4225 characterizant.
1215 4169 1249 4224 Et
1261 4178 1322 4241 post
1335 4169 1471 4241 aliquanta
1488 4189 1495 4226 s
1509 4168 1540 4227 Si
1553 4173 1621 4227 enim
1629 4174 1711 4244 justa

925 4275 971 4314 nor
992 4259 1034 4313 sol
1052 4260 1213 4314 sensibilium
1229 4261 1353 4314 essentias
1366 4269 1390 4314 et
1407 4261 1560 4331 qualitates,
1568 4271 1593 4315 et
1607 4263 1712 4332 quidem

924 4350 1020 4406 multas
1034 4361 1058 4405 et
1071 4351 1197 4406 discretas
1205 4353 1353 4417 existentes,
1364 4361 1451 4405 tamea
1459 4352 1587 4421 ipseunas
1597 4351 1713 4406 existens

923 4439 1304 4510 etuniformisillumiaanslua
1311 4449 1425 4503 renouat,
1433 4447 1457 4493 ct
1465 4440 1582 4504 nutrit,ct
1589 4440 1710 4502 custodit,

925 4543 949 4588 et
961 4532 1073 4603 perficit,
1088 4541 1113 4586 et
1125 4533 1260 4598 discernit,
1274 4542 1298 4586 et
1321 4532 1385 4594 unit,
1398 4541 1422 4586 et
1437 4531 1544 4602 refovet,
1562 4541 1586 4586 et
1598 4531 1712 4601 fecunda

86 4618 282 4687 supernaturale
294 4620 399 4674 omniuo
419 4623 597 4690 superexcellit
617 4640 659 4688 ea,
674 4640 741 4693 quae
755 4635 815 4679 sunt
833 4641 873 4679 se·
888 4617 912 4675 D
924 4640 979 4678 esse
994 4623 1069 4692 facit,
1081 4632 1104 4676 et
1118 4631 1206 4692 auqet,
1218 4633 1242 4675 et
1252 4631 1344 4683 mutat,
1355 4630 1379 4676 et
1393 4621 1514 4684 collocat,
1527 4633 1551 4674 et
1561 4620 1661 4690 plantat
1674 4622 1711 4687 ¹⁸,

87 4706 198 4762 cendum
210 4706 414 4778 qualemcunque
426 4711 564 4764 essentium
574 4722 597 4765 et
611 4724 743 4766 staturam.
757 4712 822 4768 item
836 4730 870 4768 ett
921 4724 945 4769 et
966 4722 1070 4768 renouat
1083 4713 1124 4778 ⁸⁸,
1147 4721 1172 4766 et
1191 4711 1302 4781 uiuificat
1317 4713 1420 4775 amnia,
1440 4720 1463 4766 et
1481 4713 1598 4766 amatium
1614 4728 1711 4766 unum·

88 4797 179 4853 eudem
194 4795 262 4852 libro
278 4799 394 4868 capitulo
416 4800 510 4868 quintu
527 4818 534 4854 ι
551 4799 686 4871 Principia
705 4803 870 4857 existentium
922 4801 1041 4873 quodque
1060 4801 1164 4871 propris
1181 4800 1230 4854 sibi
1244 4800 1354 4854 carralem
1370 4809 1394 4853 et
1413 4816 1493 4853 ursum
1507 4800 1587 4854 solem
1604 4802 1714 4870 particl-

90 4886 172 4938 sntnia
184 4884 195 4915 ⁸
208 4886 290 4954 ipsius
302 4903 357 4940 esse
377 4889 572 4956 participantia,
584 4900 608 4942 et
620 4899 691 4953 sunt,
704 4899 728 4943 ct
741 4891 870 4959 principia
921 4900 977 4962 pat,
1001 4900 1025 4944 et
1044 4890 1185 4943 multorum
1201 4890 1411 4959 participantium
1425 4907 1493 4943 unas
1513 4889 1553 4945 sol
1572 4908 1666 4945 causas
1683 4893 1711 4946 in

89 4985 158 5039 sant,
171 4984 194 5030 et
205 4977 366 5046 primosum,
377 4976 470 5031 deinde
480 4978 607 5048 principia
618 4987 689 5034 sunt.
703 4977 736 5032 lit
748 4980 838 5050 siquis
848 4979 875 5011 ⁸⁸
920 4980 1449 5051 seipsouniformiterpraeambit⁸⁸,mnlto
1457 4983 1711 5052 maqissuperterras

89 5062 141 5120 nult
156 5065 291 5120 uiuentium
305 5074 334 5119 at
351 5067 490 5120 uiuentium
509 5068 664 5137 principium
676 5068 762 5123 dicere
779 5085 826 5139 per
842 5085 870 5124 se
921 5080 947 5124 et
960 5072 1042 5140 ipsius
1056 5079 1081 5123 et
1092 5070 1180 5123 amnia
1193 5070 1217 5101 ⁸⁸
1230 5070 1508 5139 causalispraeteaisse
1519 5072 1542 5103 ⁸⁸
1554 5072 1610 5141 ipse
1619 5071 1643 5103 ⁸⁸
1653 5089 1710 5126 ont·

90 5158 169 5227 ipsam
191 5157 279 5222 sitam,
298 5166 322 5210 et
341 5155 468 5210 similium
488 5165 516 5209 ut
531 5156 657 5210 similium
673 5173 718 5228 per
739 5174 766 5212 se
786 5158 874 5228 ipsane
923 5158 1171 5214 niuntexistentiunt
1183 5159 1364 5229 paradiqmata
1375 5161 1518 5214 secandam
1529 5176 1609 5213 unam
1621 5177 1710 5228 saper·

91 5246 291 5314 amtueatnem,
309 5258 333 5302 et
353 5249 486 5302 unitorum
497 5258 525 5302 at
542 5248 674 5303 unitorum
689 5249 870 5319 perseipsum
923 5249 1087 5305 essentialem
1108 5249 1235 5302 unitatem
1253 5247 1455 5302 concedendum.
1471 5246 1569 5302 Deinde
1583 5256 1608 5302 et
1623 5263 1710 5301 essert·

80 5406 86 5495 p
718 5376 846 5433 t'tutttt
865 5376 1068 5434 tucttutttts.

125 5521 288 5587 ⁸patrisum.
311 5518 344 5573 t.
382 5519 528 5586 sarapte.
565 5516 751 5572 ‘Cdiramus
789 5515 1036 5571 ⁸sabsistendiom.
1058 5514 1091 5568 it.
1126 5514 1333 5571 ''Aessentium
1371 5512 1416 5564 ‘tt
1433 5510 1555 5566 Perinde.
1592 5509 1711 5565 ’Crabs

90 5591 216 5645 stantiam.
253 5589 411 5644 'storum
447 5587 631 5642 'donarium
671 5587 792 5655 ⁸⁸Cque.
811 5586 1031 5654 ¹¹tinuicunqne.
1069 5584 1353 5652 ¹¹snetnjeo0m.t,
1387 5580 1606 5659 Parteniorum.
1644 5579 1715 5638 ”aa

91 5660 187 5713 ormi.
217 5658 240 5689 ⁸⁸
254 5674 270 5709 a
285 5658 380 5710 uranii.
419 5658 441 5690 ¹⁸
461 5661 592 5712 damnes.
632 5654 834 5710 ''Aiireoitea
872 5654 1059 5707 ¹⁸1ibreriter.
1096 5654 1152 5705 ”A
1176 5654 1241 5707 alia.
1286 5652 1348 5704 ⁸⁸C
1372 5651 1481 5704 unitate.
1519 5648 1658 5707 ustae:
1688 5655 1714 5702 a

92 5739 229 5794 ntmmqne.
267 5728 335 5779 ⁸¹ao
356 5728 455 5780 otram.
488 5726 669 5779 ⁸⁸Acollatio.
708 5726 731 5758 ⁸⁸
755 5724 909 5778 rtorttinotiut
932 5722 1021 5778 anni
1057 5721 1120 5775 ⁸⁸ct
1140 5732 1240 5791 pttuttnt
1265 5738 1319 5776 ortt.
1345 5720 1377 5773 t„
1413 5718 1470 5774 ¹⁶0
1488 5720 1669 5793 rerrrotet5⁸⁸
1687 5718 1719 5779 ba

91 5800 220 5871 perlambit.
258 5797 457 5851 ⁸⁸lionrurum.
496 5796 554 5849 ¹’u
574 5796 737 5865 praeterisse.
776 5792 871 5848 ”am
896 5809 933 5847 sc.
