4167 6625
119 436 186 494 latr
712 443 889 500 EPiSTOLrE
907 448 952 502 ET
970 448 1139 507 peditura.

113 569 178 625 pum
200 547 341 609 'irrrorricee
355 555 500 624 provinciae
518 575 525 611 ι
542 557 582 614 sic
597 564 698 623 tanren,
721 566 751 614 ut
780 558 938 623 namne-A
1311 572 1368 628 xi„

113 646 174 700 time
187 643 319 706 ecciesiae,
330 645 373 700 cai
385 646 473 701 fuerat
485 648 646 715 destinatus,
660 649 687 704 ln
706 664 741 705 eo
764 652 837 721 qaod
860 668 901 707 rc·
1205 696 1239 736 m
1256 697 1402 742 mom
1420 701 1436 740 Ι

113 733 295 803 mansiuncula
307 733 443 790 destructa
464 736 588 800 iamiar,
616 734 679 805 jura
705 747 896 808 potestatemve

109 823 185 879 nulia
211 823 291 880 modo
306 824 506 881 subtrahamus.
530 826 733 896 interponentes
756 829 897 899 pastoralis
1251 794 1340 862 “⁰¹¹⁰
1365 796 1442 868 ⁸⁷²)

109 913 211 984 vigoris
223 929 376 980 censuum,
398 924 429 971 u,
449 917 715 988 quandocunquwl
732 919 900 989 quiscunque
950 889 1130 962 Comparantur
1140 898 1337 955 matrimonium
1347 902 1596 972 eujusdomobssats
1605 908 1740 968 racudsis

107 1002 193 1058 alium
203 1003 261 1072 ipso
273 1004 418 1074 superstite
431 1005 457 1059 in
467 1003 579 1074 praefata
589 1006 744 1077 metropoli,
757 1008 822 1062 etin
834 1008 897 1076 ista,
1257 981 1430 1027 mmmm

107 1091 151 1147 rei
166 1092 193 1146 ln
208 1107 300 1148 earum
311 1094 481 1162 pertinentiis
491 1094 581 1151 lamro
602 1096 754 1160 tentaverit,
780 1104 827 1151 aut
854 1111 898 1151 or·
1106 1073 1195 1147 [ΑΡῑιᾱ
1213 1076 1306 1133 Βθῖὓῑ·
1323 1078 1447 1147 ”fmus
1470 1089 1536 1138 ¹⁰⁰¹·
1551 1083 1585 1157 Ι·]

106 1181 203 1237 dinare
235 1184 461 1253 praesumpserit,
485 1184 675 1242 ecclesiastieae
700 1186 898 1244 communionis
984 1181 1120 1240 bilmantii
1140 1187 1291 1259 enssffll'un
1307 1203 1556 1249 Sel'nlSSssl'Wum
1578 1195 1635 1262 Del,
1653 1213 1738 1255 vene·

105 1271 244 1326 consortio
263 1272 520 1344 carcat.Sanepost
543 1273 602 1343 ejus
628 1275 770 1332 decessum
801 1277 900 1333 electio
949 1272 1027 1327 rabili
1050 1273 1127 1330 fratri
1144 1275 1175 1330 Β.
1192 1278 1439 1353 Catheiepiseopo
1461 1283 1738 1359 salutemetaposto·

105 1360 250 1425 canonica,
264 1369 292 1414 et
302 1361 437 1418 ordinatio
450 1378 464 1417 a
476 1362 653 1435 suffraganeis
669 1365 804 1436 episcopis
823 1365 897 1436 ejrrs-
948 1356 1028 1415 licam
1045 1361 1273 1422 bettedictlonem.

104 1448 170 1502 dem
182 1449 361 1520 metropoleos
383 1451 525 1507 Turonieas
541 1454 670 1509 canonice
688 1453 841 1511 celebretur
862 1470 897 1511 ex
983 1447 1025 1503 Ad
1040 1453 1277 1519 apostolicaesedis
1289 1458 1413 1513 notitiam
1427 1467 1472 1514 tua
1488 1459 1645 1519 fraternitas
1657 1479 1740 1520 norc-

104 1555 184 1594 morc
195 1547 222 1595 et
236 1542 259 1596 si
274 1540 439 1599 Nannenca
462 1545 606 1615 contigerit
618 1545 747 1601 Ecclesiae
769 1548 802 1602 ad
826 1547 897 1618 prlo-
948 1535 984 1591 ῐῖῑ
995 1540 1150 1606 ΡθΝθΙΙῙθὸθ
1164 1541 1234 1598 ῑΰῑθῑ
1245 1547 1390 1614 quemdam
1405 1550 1604 1618 n³f⁰⁰¹¹l²¹¹¹¹¹¹n
1619 1561 1694 1609 tunm
1710 1561 1741 1610 θῑ

104 1641 166 1681 rem
181 1626 269 1684 redire
282 1637 393 1698 graium,
413 1632 481 1686 nihil
494 1632 592 1688 officiat
605 1634 630 1688 05
644 1635 702 1690 ιω)
724 1636 896 1691 necesstiate
949 1626 1031 1682 niianr
1057 1628 1197 1698 enjusdam
1220 1636 1328 1702 aridum,
1344 1640 1484 1710 utriusque
1507 1644 1592 1713 partis
1616 1662 1739 1714 assensu,

102 1718 203 1782 unitio,
219 1733 299 1790 quarn
311 1721 402 1792 exegit
414 1736 580 1792 paganorum
597 1725 725 1790 rasiano,
750 1726 896 1796 quominus
949 1719 1180 1776 consentientibus
1201 1725 1283 1780 ellani
1307 1729 1465 1796 palenlfbtis
1479 1740 1506 1786 el
1526 1734 1632 1802 amicis,
1646 1738 1740 1793 mairi-

100 1808 242 1878 pmppiupn
252 1809 628 1882 ppleafflabeaeponfissoem,
641 1815 694 1871 Sed
707 1814 896 1872 pidimugeum
948 1808 1070 1863 ilioniiiin
1090 1812 1226 1880 qnondam
1241 1814 1325 1871 fuisse
1339 1827 1518 1876 contractum.
1542 1822 1594 1880 Sed
1614 1827 1676 1895 tillia
1691 1842 1738 1882 sa·

101 1898 182 1952 eatae
200 1899 305 1955 tristem
329 1911 440 1971 propter
465 1904 681 1973 persecutionem
705 1919 892 1977 paganorum
907 1915 930 1979 c
947 1897 1043 1951 cordos
1058 1898 1127 1955 data
1146 1903 1271 1973 utrinque
1284 1904 1345 1961 fidei
1360 1922 1415 1961 aon
1430 1909 1563 1977 interfuit,
1576 1928 1636 1968 cunr
1650 1923 1739 1970 tamen

100 2001 131 2042 et
144 2004 205 2044 eum
216 2005 311 2046 omnes
327 1991 382 2046 sint
392 2006 460 2061 pene
468 2007 514 2058 res
528 1992 612 2063 ipsius
634 1992 763 2049 Ecclesiae
778 1995 897 2066 depopu.
951 1984 996 2040 alii
1022 1993 1106 2043 testes
1134 1989 1245 2060 legitimi
1270 1992 1361 2063 piures
1388 1995 1542 2054 interfuisse
1574 2011 1739 2069 noscantur,

101 2081 176 2146 iata,
196 2096 336 2152 precamur
350 2082 531 2153 largissimam
545 2084 760 2140 munificentiam
783 2094 811 2141 et
833 2087 899 2142 cira·
950 2083 1041 2131 utrum
1067 2078 1220 2150 h¹¹i¹¹S¹¹¹⁰tli
1244 2085 1447 2142 minimulum
1470 2097 1544 2146 ⁸¹²¹ss
1567 2091 1681 2158 debeat,
1704 2108 1739 2147 ³⁰

100 2174 395 2238 pitalpmvgstppm‚0b
410 2189 531 2230 amorem
542 2175 727 2231 Deielgancti
750 2175 823 2234 Petri
848 2192 894 2232 no·
949 2166 1031 2222 elilim
1058 2169 1166 2225 illitum
1182 2171 1323 2240 habetitur,
1339 2175 1453 2245 qtlaesliti
1481 2176 1636 2244 inde,slclll
1662 2179 1740 2238 nobis

99 2272 240 2332 atramque
253 2263 522 2332 deprecationem,et
544 2264 595 2320 irae
620 2265 656 2320 sit
681 2265 708 2320 in
740 2265 898 2321 memoriale
948 2256 1063 2312 relatura
1084 2270 1135 2326 est,
1152 2261 1278 2330 agitatur.
1293 2261 1329 2319 Ut
1351 2273 1441 2321 autem
1455 2267 1544 2324 omnis
1567 2269 1681 2339 quaestio
1695 2285 1740 2329 su-

98 2359 271 2422 perpctuum‚
283 2352 355 2421 qnod
368 2352 559 2407 concesseritis
576 2351 654 2408 nobis
675 2354 726 2408 lroc
740 2351 852 2417 donum,
866 2361 898 2407 ut
947 2361 997 2416 pst
1009 2349 1105 2403 eodem
1119 2350 1291 2406 matrimonio
1305 2351 1339 2407 ὅθ
1352 2361 1450 2410 0818ῐο
1464 2356 1597 2426 weitin·
1611 2373 1660 2427 per
1675 2371 1739 2429 ²90·

98 2456 156 2495 non
173 2440 311 2511 patiamini
328 2449 431 2496 tantum
443 2441 532 2497 locum
542 2456 653 2511 pessum
666 2441 717 2507 ire,
738 2450 765 2497 et
777 2442 805 2496 in
817 2441 896 2497 deso·
948 2434 1042 2491 stolica
1068 2437 1115 2493 tibi
1140 2438 1243 2507 scripta
1256 2440 1416 2498 mandamus
1436 2452 1570 2514 quatenus
1585 2443 1737 2516 husjusmodi

98 2528 596 2598 lationem,praesertimcumfueriter
607 2531 895 2600 antiqnometropoils,
947 2528 1113 2583 connubium
1131 2529 1242 2585 dissolri
1260 2531 1412 2588 nullatenus
1432 2533 1553 2603 patiaris,
1569 2536 1616 2591 sed
1630 2536 1737 2591 firmum

96 2628 127 2674 et
140 2620 245 2675 meritis
264 2620 451 2690 gloriosissimi
478 2620 643 2676 confessoris
659 2620 760 2677 Christi
785 2620 895 2675 iiartini
946 2619 1031 2675 facias
1055 2629 1136 2692 atque
1162 2622 1317 2679 inviolabile
1340 2639 1508 2694 permanere.
1536 2625 1565 2681 Si
1579 2626 1652 2682 enim
1667 2629 1737 2686 alias

97 2711 276 2777 ironorabliis,
293 2726 453 2783 semperque
467 2711 639 2777 venerabilis,
663 2719 692 2766 et
717 2711 789 2766 inter
811 2710 895 2766 Galli·
945 2724 1069 2779 personae
1082 2711 1275 2767 convenientes
1288 2721 1316 2768 et
1328 2711 1455 2784 legitimae
1468 2713 1568 2770 fuerint
1587 2723 1615 2769 et
1628 2725 1737 2773 eontra·

96 2816 183 2858 canas
193 2802 290 2857 eadem
302 2802 343 2857 rel
355 2802 473 2856 secunda
488 2801 532 2858 vel
551 2801 630 2857 tertia
644 2800 784 2871 provincia
808 2799 895 2855 Turo-
946 2807 1005 2854 ctus
1020 2799 1077 2869 ipse
1091 2799 1195 2870 iegibus
1212 2803 1392 2870 corrcordans,
1408 2802 1444 2857 ita
1459 2804 1530 2872 quod
1545 2817 1598 2859 non
1612 2805 1736 2861 rideatur

97 2891 202 2958 ucnsls,
217 2902 245 2947 et
256 2891 349 2947 multis
362 2907 423 2961 quae
438 2892 472 2946 ab
491 2905 524 2947 en
546 2892 682 2948 distractu
708 2899 780 2956 sunt,
809 2891 894 2946 ditata
945 2890 969 2944 ei
980 2890 1014 2944 de
1027 2890 1113 2944 sacris
1126 2891 1275 2946 canonibus
1285 2893 1465 2964 obviare,pro
1477 2894 1592 2964 eoquod
1605 2895 1733 2952 sacerdos

94 2982 181 3049 villis,
197 2983 413 3053 possessionibus
425 2991 453 3038 et
480 2983 608 3039 abbatiis.
627 2983 661 3038 Et
674 2998 735 3037 eum
750 2981 818 3046 ailae,
834 2996 894 3052 qrrae
945 2981 1045 3034 absens
1056 2977 1146 3046 fucrit,
1160 2980 1213 3035 tale
1225 2981 1427 3037 matrimonium
1441 2997 1495 3038 non
1509 2983 1590 3039 debet
1600 2981 1735 3040 ullatenus

95 3077 191 3133 subea
204 3084 277 3143 sunt,
290 3076 418 3132 ciuitates
427 3075 485 3144 jam
496 3076 552 3131 sint
573 3092 642 3145 pene
666 3076 823 3141 destructa,
846 3074 894 3129 ba·
945 3071 1068 3141 impediri

95 3183 158 3223 rum
173 3168 410 3223 matrem‘tantam
421 3175 449 3223 et
467 3167 637 3238 metropolim
650 3181 684 3222 ne
695 3165 837 3237 patiamini
847 3166 893 3220 de·
1306 3161 1373 3217 xli.

94 3257 314 3325 strui,desolari,
326 3257 629 3315 etdelronorarivestro
640 3257 666 3310 in
679 3253 889 3328 tempore.erin
906 3261 928 3323 c
1119 3288 1153 3328 g„
1171 3287 1295 3329 mou-1
1312 3288 1418 3332 (ΑΜ
1440 3290 1537 3334 pm

93 3352 188 3421 potius
201 3350 306 3406 studete
327 3364 386 3405 eam
407 3349 441 3406 de
468 3351 548 3406 rebus
571 3350 669 3405 restris
691 3349 819 3420 propriis,
847 3348 892 3405 vei
1247 3388 1335 3455 (Anno
1348 3388 1424 3462 872)

93 3439 190 3511 procul
206 3440 240 3495 ab
252 3454 283 3495 ca
296 3439 400 3509 positis,
413 3439 455 3495 rei
470 3439 535 3494 tutis
549 3453 565 3492 a
579 3439 701 3509 paganis,
717 3437 813 3504 ditare,
825 3453 890 3493 eon-

95 3532 199 3594 tinere,
214 3537 243 3584 st
255 3528 395 3585 extoliere.
415 3529 483 3594 Quia
507 3538 570 3584 tnnc
582 3544 614 3584 ea
626 3529 701 3582 rolris
716 3528 744 3582 in
757 3536 887 3583 aeternum

93 3618 282 3683 oonnrmatls,
310 3634 373 3673 errrn
396 3634 457 3688 rprrsu
486 3618 669 3674 Ecclesiarnm
689 3616 737 3673 liei
752 3617 888 3687 obsequiis
974 3636 1062 3689 „pem
1085 3634 1391 3689 pgwngmmgmmgaw·
1409 3637 1553 3708 lmen-„m
1568 3638 1663 3697 cmg
1692 3656 1733 3699 w

93 3706 265 3770 condonatis,
282 3715 309 3761 et
322 3707 466 3761 reservatis
480 3707 605 3762 ornnilrus
616 3721 664 3760 sua
673 3705 734 3774 jura
753 3717 888 3776 metropo-
974 3703 1101 3756 fedanti
1114 3704 1211 3756 obdunt
1234 3705 1371 3773 promittit.
1387 3702 1421 3758 tir
1444 3708 1477 3760 de
1495 3706 1640 3766 lfincmoro
1701 3730 1735 3768 s·

941 3495 1037 3565 nepem
1058 3497 1234 3567 asperioribus
1249 3497 1342 3554 litteris
1358 3499 1501 3569 offensum,
1522 3503 1605 3560 malta
1624 3506 1657 3561 de
1676 3506 1733 3577 ejus

974 3566 1097 3619 irraditur
1109 3567 1271 3635 predicans,
1283 3566 1388 3637 placare
1399 3577 1496 3625 studet.
1515 3570 1554 3626 De
1568 3572 1683 3630 detorsio
1698 3579 1733 3631 ori

93 3795 198 3852 litenis.
209 3794 301 3850 Nostis
318 3797 391 3850 enim
417 3795 481 3865 qrria
494 3808 576 3850 omrre
592 3795 785 3850 rrtonasterium
799 3797 826 3850 in
841 3810 887 3866 po-
973 3770 1096 3826 afnimi·

92 3895 195 3943 testate
218 3885 338 3957 episcopi
363 3885 511 3940 consistere
532 3884 610 3938 debet
630 3883 707 3952 juxta
729 3885 886 3939 eanonicam
978 3878 1117 3933 nonianus
1140 3879 1299 3948 episcopus,
1320 3895 1414 3937 servus
1439 3896 1580 3940 serrorum
1600 3886 1664 3953 liei,
1687 3889 1731 3945 di·

93 3976 286 4034 auctoritatem
304 3990 311 4029 ε
326 3984 355 4030 et
367 3975 433 4045 quia
447 3975 499 4031 lroe
523 3982 566 4031 est
593 3984 801 4044 transgressam,
827 3973 887 4028 idco
938 3972 1085 4028 laetissimo
1101 3971 1156 4026 illio
1177 3980 1205 4025 et
1222 3971 1415 4039 gloriosissimo
1430 3973 1539 4032 Cinoto
1562 3979 1628 4050 regi,
1642 3979 1732 4053 eorpu-

92 4066 211 4139 plurima
225 4050 389 4121 monast'cria
400 4063 534 4119 habentur
552 4061 700 4127 destructa,
726 4062 806 4118 sicuti
830 4077 888 4117 mo-
938 4063 1016 4134 girprc
1029 4062 1143 4117 salutem
1155 4061 1182 4117 in
1196 4061 1314 4119 Cirristo.

92 4157 243 4214 nasterium
271 4155 358 4211 sancti
383 4152 501 4210 lledardi
525 4152 651 4218 Turonis,
673 4152 700 4206 in
725 4167 780 4221 quo
795 4151 888 4220 jacent
972 4152 1090 4207 Litteras
1107 4161 1203 4207 restrae
1225 4152 1372 4210 nobilitatis
1388 4170 1437 4226 per
1452 4159 1633 4216 uenerabilem
1647 4162 1730 4220 lilium

92 4250 284 4321 episcoporum
298 4244 377 4316 primi
402 4243 601 4299 Turonensium
624 4240 748 4297 uiderim
757 4250 784 4295 et
798 4241 886 4298 Galia·
938 4246 966 4295 et
976 4237 1091 4293 fratrem
1112 4250 1234 4293 nostrum
1253 4239 1585 4316 detardum'episcopum
1609 4251 1731 4319 suscepi·

92 4355 163 4405 nrrs;
177 4340 248 4394 sicut
259 4345 288 4393 et
301 4335 495 4392 ilonasterium
513 4334 611 4405 majus,
634 4333 705 4388 sicut
728 4331 811 4388 etiam
832 4331 885 4387 alia
937 4343 1017 4385 mus:
1032 4328 1170 4398 inquibus
1190 4330 1272 4383 muita
1286 4332 1490 4400 reclamatoria,
1512 4335 1692 4405 resultatoria,
1704 4348 1732 4394 et

93 4429 123 4484 in
136 4429 230 4483 erdem
245 4427 355 4482 civitate
367 4424 543 4490 monasteria,
558 4439 619 4495 quse
631 4422 742 4479 forsitan
761 4437 810 4493 per
830 4423 886 4492 epi·
937 4418 1102 4475 tumultuosa
1117 4419 1318 4488 perspeximus,
1341 4421 1420 4477 aliter
1443 4439 1525 4493 quam
1541 4435 1731 4495 optaveramus

92 4516 202 4588 scopate
227 4515 429 4581 ministerium,
458 4522 485 4573 et
507 4523 628 4570 restrum
656 4513 883 4583 sapientissimum
937 4509 1145 4563 murmurantia.
1162 4508 1284 4579 Regnum
1305 4509 1353 4564 liei
1366 4510 1455 4565 nulius
1469 4528 1642 4571 murmurans
1661 4517 1731 4573 acei-

92 4604 247 4668 consilium,
259 4614 287 4660 et
301 4604 482 4675 largissimum
506 4603 617 4668 donum,
644 4611 773 4672 poterunt
797 4601 885 4657 redire
901 4593 985 4668 Dpit,
999 4613 1050 4654 nec
1064 4612 1233 4652 murmurare
1246 4597 1347 4668 poterit
1361 4598 1505 4670 accipiens.
1525 4604 1641 4658 fodiens
1657 4604 1730 4660 enirn

91 4695 128 4748 ad
146 4693 263 4763 priorem
278 4700 391 4748 statum.
407 4693 508 4748 liebent
521 4691 605 4748 etiam
617 4691 669 4745 rici
681 4706 777 4747 omnes
798 4689 885 4747 ecele-
934 4692 1038 4759 sopierrs
1050 4688 1194 4759 sapientior
1208 4690 1266 4754 erit,
1280 4700 1304 4743 et
1320 4689 1464 4761 inteilipeas
1479 4692 1657 4763 gubernaculo
1671 4711 1730 4766 pos·

95 4784 142 4838 edre
153 4781 296 4851 cuiuslibet
309 4783 444 4853 paroclrlac
455 4783 481 4837 in
491 4790 626 4852 potestate
638 4782 786 4836 consistere
813 4795 884 4850 prae·
933 4782 1028 4837 ridebit
1052 4781 1149 4855 (Prae.
1165 4780 1205 4851 r).
1227 4778 1282 4836 nos
1301 4796 1377 4849 reru,
1403 4782 1465 4838 licet
1493 4782 1614 4856 indigui,
1639 4793 1729 4841 tamen

94 4871 170 4936 sniis,
183 4873 253 4927 sicut
278 4873 360 4928 moris
372 4882 413 4927 est
426 4872 548 4928 ecclesiis
570 4872 702 4942 piurimis.
729 4874 782 4929 lies
802 4873 883 4928 etiam
935 4889 1028 4931 sumus
1052 4875 1123 4930 lilius
1140 4875 1248 4936 ricarli,
1269 4877 1311 4931 eui
1329 4874 1466 4932 commisit
1489 4875 1560 4932 neus
1582 4875 1730 4932 Ecclesiam

93 4979 155 5035 truse
170 4965 203 5020 de
216 4963 310 5020 eadem
334 4965 449 5020 ecclesia
473 4973 622 5020 noscuntur
649 4963 742 5026 fuisse,
769 4974 797 5018 et
819 4962 884 5017 oiim
933 4985 1022 5035 suam,
1036 4968 1104 5025 daps
1116 4969 1139 5024 ai
1154 4976 1314 5038 potestatem
1326 4966 1428 5038 ligandi
1445 4974 1528 5036 atque
1550 4965 1689 5022 solvendi:
1703 4974 1731 5021 et

94 5062 159 5112 sunt
173 5056 325 5120 abstractae,
348 5070 492 5128 precamur
505 5070 554 5111 ros
568 5055 655 5110 eidem
672 5054 826 5119 restituere,
853 5061 882 5109 et
934 5060 1138 5132 qrraiescunque
1155 5060 1256 5125 simus,
1272 5058 1344 5114 iilius
1370 5056 1451 5129 primi
1472 5057 1589 5114 sessoris
1609 5057 1728 5121 meritis,

94 5148 165 5203 slent
179 5146 281 5216 precati
292 5143 349 5214 jam
363 5162 469 5211 saurus,
490 5146 525 5200 ad
539 5160 657 5215 presens
668 5145 701 5200 de
715 5144 813 5199 restris
835 5158 881 5198 re-
933 5152 1052 5223 qnandiu
1070 5150 1167 5206 merita
1182 5148 1241 5219 ejus
1253 5149 1281 5204 in
1302 5147 1380 5205 erclis
1404 5162 1458 5202 non
1473 5146 1643 5211 moriuntur,
1657 5147 1728 5217 quod

94 5239 147 5293 ¹³⁰⁸
162 5236 276 5306 illinis
297 5251 346 5306 l)er
371 5246 533 5307 nfffloelllllffl
556 5244 676 5291 lenium
702 5249 762 5290 ⁰³¹⁰
785 5234 883 5300 ditare,
933 5241 1100 5311 operandum
1114 5249 1156 5296 est
1170 5240 1197 5294 in
1217 5238 1338 5295 Ecclesia
1360 5236 1411 5293 sibi
1434 5235 1595 5300 commissa,
1615 5233 1649 5288 ab
1670 5235 1728 5306 ipso

95 5335 264 5392 construere,
279 5334 308 5381 et
321 5325 397 5382 robis
420 5326 446 5381 in
464 5336 594 5381 aeternum
618 5324 755 5395 propriam
783 5321 881 5388 facere,
934 5329 1062 5399 repletur.
1075 5328 1110 5382 Et
1120 5326 1230 5399 quidem
1253 5327 1317 5396 qula
1335 5325 1413 5397 quasi
1427 5332 1547 5381 tumores
1559 5330 1587 5379 et
1606 5320 1729 5379 lte-tiones

95 5426 125 5473 rat
140 5432 194 5473 non
208 5426 331 5482 rocetur,
350 5425 379 5473 ut
399 5416 558 5486 antiquitus,
578 5415 788 5471 Caesarodunum
812 5414 883 5470 uite·
934 5423 1039 5471 vestras
1051 5413 1184 5486 palpitare
1193 5415 1338 5480 sensimus,
1348 5414 1397 5469 iras
1408 5413 1469 5469 oleo
1479 5410 1671 5468 consolationis
1679 5426 1730 5483 per

95 5509 164 5574 rius,
183 5508 231 5564 sed
254 5506 446 5564 liaroiidonnm
467 5506 495 5561 in
518 5516 687 5577 perpetuom.
708 5505 885 5576 omnipotens
935 5505 1019 5563 melos
1043 5504 1204 5561 dulcissimas
1226 5504 1384 5571 eharitatis,
1405 5510 1553 5560 etsensim
1577 5500 1729 5560 dilectionis

95 5597 226 5653 Dominus
252 5598 406 5655 serenitatis
431 5606 529 5655 restrae
554 5599 671 5671 regalem
697 5598 884 5655 excellentiam
935 5604 1102 5669 unguentum
1116 5595 1398 5663 forere‚icnire,etad
1409 5592 1571 5664 integritatis
1584 5592 1728 5648 amntem

95 5687 198 5743 sairam
210 5689 237 5744 in
251 5689 376 5747 omnibus
386 5697 467 5760 atquo
489 5688 649 5746 incolumem
675 5689 703 5745 io
722 5689 763 5745 sui
778 5702 883 5759 semper
934 5689 1083 5759 perducere
1097 5687 1294 5745 medicamento
1308 5702 1361 5760 quo
1374 5685 1496 5741 raiemus
1507 5692 1642 5754 optamus.
1659 5682 1727 5742 Cum

96 5792 187 5838 amore
200 5796 360 5839 conservare
374 5781 507 5853 dignetur.
708 5834 711 5838 ,
936 5779 1091 5835 noverimus
1105 5794 1185 5835 omne
1202 5778 1301 5835 donum
1320 5778 1469 5849 optimum,
1492 5784 1521 5833 et
1533 5788 1614 5832 amne
1633 5772 1727 5830 datum
