4167 6625
78 379 162 445 128!
696 383 874 443 EPlSTQLAE
894 385 938 444 El
958 383 1128 445 nectere.
1663 385 1734 450 {282

81 495 244 555 auctoritas
258 495 414 568 apostoliea,
426 495 467 556 sic
486 495 577 558 laneat
601 504 629 556 et
653 498 813 571 episcopalis
830 501 919 566 lin-A
936 510 1067 565 mentum,
1094 500 1220 571 quoniam
1245 500 1430 572 episcopatum
1448 497 1506 573 ejus
1529 501 1621 577 gloria
1634 516 1732 564 restim

80 591 383 661 manitaszquatenus
407 592 580 663 episcopatus
605 592 665 663 ejus
689 593 764 648 omni
792 600 884 650 careat
924 594 1088 672 specialiter
1117 595 1279 650 serrandum
1306 597 1511 664 committimus,
1535 575 1627 655 tandiu
1643 617 1732 659 seno·

78 698 144 756 per
154 692 273 739 vestram
287 683 497 739 sollicitudinem
507 683 680 747 detrimento,
699 682 885 755 dumpraerlio
935 685 1006 740 verit
1019 694 1191 741 sacramento
1211 687 1332 757 eorporis
1346 694 1373 743 et
1387 690 1529 760 sanguinis
1549 690 1654 746 Domini
1675 692 1733 749 iore

80 790 156 832 rtttn
178 789 299 841 suorum,
314 789 440 845 perverse
461 791 477 831 a
499 775 674 831 llortmanno¹
687 789 885 847 possessorum,
935 774 1106 846 privandum,
1118 777 1238 848 quandiu
1253 787 1354 834 sancta
1367 779 1538 851 lugdunensi
1549 781 1688 849 Ecclesia,
1704 795 1734 839 ct

78 864 256 921 liberalitate
269 872 359 919 restra
371 880 421 935 per
432 864 653 922 intercessionem
668 875 789 922 nostram
805 865 886 921 luerit
935 866 1023 933 vobis,
1050 868 1190 939 ipsiusque
1217 868 1337 939 pontittct
1354 869 1490 944 legitime,
1516 874 1571 929 imo
1600 875 1733 932 canonico

79 955 198 1025 potitus
219 962 374 1026 augmento.
388 952 557 1026 Quapropter
568 964 595 1011 et
605 954 801 1012 Nortutannum
818 955 886 1011 scito
936 956 1019 1013 luerit
1043 958 1222 1013 satisfactum.
1248 956 1378 1028 Optamus
1416 963 1518 1031 regiam
1545 964 1733 1020 excellentiam

80 1047 257 1106 auctoritate
268 1047 416 1118 apostolica
430 1048 558 1104 continuo
571 1049 605 1105 ab
616 1048 800 1105 ecclesiastica
813 1064 887 1105 cont·
936 1059 1055 1107 vestram
1071 1059 1171 1107 sanctae
1185 1049 1257 1106 sedis
1284 1051 1437 1123 apostolicae
1462 1054 1530 1110 scita
1555 1057 1731 1113 consuetudi-

78 1137 233 1204 munione,
243 1138 296 1194 nisi
309 1137 514 1209 praesentialiter
526 1154 556 1195 se
565 1140 689 1196 omnibus
701 1139 887 1211 Lugdunensis
935 1140 1033 1199 naliter
1043 1140 1231 1208 observantem
1241 1143 1269 1199 itt
1278 1141 1388 1200 Christo
1401 1160 1509 1216 semper
1521 1145 1621 1203 valere.

78 1228 222 1286 Ecclesia
239 1231 320 1287 rebus
330 1229 446 1296 eruerit,
469 1244 519 1303 per
534 1231 572 1287 tui
589 1231 646 1288 oris
657 1230 775 1287 ollicium
802 1230 888 1301 repel·
1287 1278 1380 1336 Μ.

78 1318 215 1388 lendum,
229 1329 257 1377 et
281 1319 463 1376 venerabilem
484 1321 574 1378 virum
594 1320 769 1378 llincmarum
783 1322 888 1393 episeo-

80 1429 170 1486 Μ’
183 1414 206 1472 si
224 1415 365 1487 proposito
391 1412 506 1470 Romam
530 1415 656 1472 veniendi
680 1417 789 1480 abusus.
815 1416 888 1486 quod
936 1386 971 1428 an
989 1384 1361 1430 teaartsttattcutsetscorutt
1374 1386 1725 1431 corsranrtsorotrrnsutr.

79 1505 165 1561 bene
188 1506 273 1571 rosit,
294 1504 408 1563 reddere
431 1520 485 1563 nou
508 1507 652 1575 studuerit,
678 1509 889 1581 transgressoris
1236 1487 1325 1558 (ΑΙιηο
1346 1487 1423 1560 369·)

75 1591 202 1665 judicio,
217 1595 288 1668 quod
298 1595 370 1653 licus
385 1598 710 1670 averterimpuniendum.
726 1598 888 1671 Quicunque
940 1596 976 1654 iit
999 1598 1086 1671 grnda
1113 1596 1273 1670 dejicientur
1298 1600 1411 1671 episcopi
1440 1618 1457 1654 a
1485 1599 1580 1658 Pontio
1605 1602 1731 1658 ordinati.

79 1687 206 1758 qumf„
222 1697 343 1759 tempore
359 1704 412 1760 quo
429 1689 650 1747 pomamvenjre
666 1692 889 1763 coepemvusque
973 1668 1106 1725 loannem
1131 1670 1323 1740 metropolitam
1341 1667 1416 1726 Silari
1428 1672 1605 1728 commendat.

79 1779 159 1836 inid
176 1796 241 1853 qun,
266 1780 376 1838 Christo
399 1781 479 1849 duce,
495 1782 529 1838 ad
543 1782 653 1855 propria
668 1783 840 1848 remeaverit,
859 1782 889 1839 in
974 1780 1113 1838 Annianus
1126 1781 1279 1854 episcopus,
1300 1797 1396 1839 sertus
1416 1797 1558 1842 serrorum
1582 1786 1642 1852 liei,
1655 1801 1733 1844 rcre-

79 1872 258 1946 quibuslibet
272 1875 353 1931 rebus
366 1874 438 1932 illius
452 1875 580 1932 Ecclesia
603 1874 742 1947 quodlibet
760 1884 889 1949 operatus
903 1878 927 1941 B
941 1872 1104 1930 rendissimo
1121 1881 1149 1930 et
1161 1874 1334 1930 sanctissimo
1349 1874 1480 1931 confratri
1494 1886 1522 1933 ct
1545 1879 1734 1937 comministro

78 1964 176 2021 inerit
200 1966 405 2040 detrimentum,
446 1968 574 2039 quoniam
610 1967 796 2040 episcopatum
829 1967 887 2037 ejus
939 1974 1033 2021 nostro
1050 1965 1161 2021 lenarto
1174 1966 1334 2046 patriarchae
1348 1964 1657 2038 Constantinopolitano.

70 2057 231 2116 sanctitati
256 2067 309 2116 tna
334 2059 490 2131 specialiter
516 2067 578 2132 post
599 2074 690 2132 regem
724 2060 887 2117 servandum
974 2054 1316 2128 Necscripturapandcre,
1338 2070 1389 2112 nec
1410 2059 1532 2129 prolecto
1547 2059 1638 2131 lingua
1654 2061 1732 2116 sulli-

80 2149 299 2217 committimus,
316 2152 410 2207 tandiu
420 2166 451 2209 sc
461 2152 568 2209 noverit
580 2162 752 2210 sacramento
765 2150 888 2223 eorporis
938 2149 977 2207 cit
989 2164 1130 2217 enarrare,
1145 2158 1275 2220 quantas,
1289 2165 1306 2205 o
1318 2149 1494 2207 dilectissime
1507 2151 1601 2219 irater,
1620 2168 1669 2224 pro
1681 2155 1734 2211 Ec·

79 2242 388 2313 etsanguinisllomini
402 2243 461 2301 lore
479 2244 651 2316 privandum,
674 2243 795 2315 quandiu
825 2258 888 2300 san·
939 2240 1028 2298 clasiae
1043 2238 1348 2311 Constantinopolitanae
1359 2249 1442 2308 statu,
1455 2250 1536 2312 atque
1547 2258 1597 2314 pro
1610 2253 1654 2298 tua
1669 2261 1733 2314 spe·

80 2343 136 2391 ctae
147 2333 327 2408 Lugdunensi
340 2335 479 2405 Ecclesiae,
491 2345 520 2393 et
531 2337 591 2404 tibi,
605 2336 746 2409 ipsiusque
753 2336 886 2408 pontilici,
938 2333 1045 2390 cialiter
1065 2332 1215 2399 erectione,
1230 2333 1411 2389 certaminum
1438 2334 1580 2405 palaestras
1603 2336 1733 2391 decessor

80 2425 223 2500 legitime,
239 2427 295 2483 imo
306 2428 438 2485 canonice
454 2427 536 2486 luerit
549 2426 730 2485 satisfactum.
754 2424 888 2499 Optamus
938 2438 1016 2480 meua
1037 2431 1139 2480 sanctae
1149 2424 1288 2480 memoriae
1297 2439 1367 2494 papa
1379 2423 1508 2481 Nicolaus
1531 2442 1594 2482 cunt
1608 2426 1732 2496 subjecta

80 2517 265 2575 aancdtatem
278 2527 351 2575 tuam
365 2517 394 2575 in
408 2516 519 2575 Christo
532 2516 602 2576 bene
613 2516 713 2575 valere.
938 2515 991 2573 sibl
1005 2514 1127 2572 Ecclesia
1138 2514 1324 2572 indesinenter
1336 2516 1471 2583 exercuit,
1485 2525 1513 2573 ct
1528 2518 1662 2589 usquead
1676 2535 1732 2574 mo·

449 2650 521 2710 m
937 2609 1014 2666 liet-is
1026 2609 1090 2664 rita
1112 2610 1256 2666 transitum
1270 2608 1405 2677 toleravit,
1421 2610 1490 2666 adeo
1506 2611 1578 2666 utin
1603 2611 1662 2683 ipso
1676 2627 1733 2668 suaa

523 2693 530 2709 '
938 2699 1109 2774 migrationis
1124 2699 1239 2756 articulo
1261 2714 1312 2770 pro
1334 2702 1551 2756 commendanda
1564 2715 1647 2758 causa
1672 2711 1729 2767 tna,

937 2790 981 2848 rel
992 2788 1121 2847 Ecclesiae
1136 2779 1185 2846 t'ibi
1195 2788 1326 2846 divinitus
1339 2790 1506 2858 commissae,
1519 2805 1571 2847 nec
1584 2791 1732 2850 scribendo

401 2855 490 2929 (Αῃηο
499 2855 575 2931 868)
938 2882 990 2939 sibi
1003 2881 1134 2954 pepercit,
1145 2896 1197 2937 nec
1209 2895 1260 2950 pro
1271 2880 1334 2947 bac,
1355 2882 1448 2951 sinon
1473 2881 1619 2952 loquendo,
1633 2882 1732 2940 saltem

86 2961 264 3026 Commendtl
287 2968 352 3052 redi,
368 2966 514 3023 &cittium
526 2966 738 3051 latidum·
753 2965 818 3024 dum
830 2964 887 3038 δὶα*
938 2973 1085 3039 innuendo,
1107 2973 1270 3040 cessaverim
1286 2973 1373 3031 donec
1383 2971 1500 3030 odicium
1523 2975 1656 3034 duntaxat
1676 2976 1733 3033 oris

311 3054 446 3111 ‘inum‘
465 3037 575 3094 Rmm
587 3047 667 3093 ’'em“
938 3065 1086 3132 amitteret,
1109 3071 1137 3121 ct
1149 3063 1242 3120 oculos
1261 3064 1369 3134 penitus
1390 3065 1540 3122 obseraret.
1562 3064 1646 3136 Culus
1667 3065 1733 3123 alie·

278 2757 314 2799 an
327 2758 452 2803 canotutt
474 2760 580 2803 eterna
594 2760 694 2804 naseu.
784 2739 788 2744 “

124 3154 266 3212 daminus
279 3151 434 3224 episcopus,
449 3165 544 3209 sertus
554 3166 696 3210 servorum
714 3149 776 3218 bei,
790 3149 888 3208 dilecto
937 3163 1051 3214 etumct
1066 3170 1116 3214 uos
1128 3169 1237 3227 quoque
1249 3162 1400 3221 sumentes,
1413 3155 1485 3212 sicut
1496 3155 1588 3211 divina
1605 3156 1692 3228 gratia
1706 3157 1733 3212 ei

89 3245 148 3304 lilio
161 3244 271 3302 (lanuto
282 3242 513 3302 excellentissimo
526 3242 596 3316 regi.
901 3240 924 3305 C
939 3247 1121 3304 successimus
1133 3247 1159 3301 in
1173 3244 1286 3312 bonore,
1299 3245 1337 3301 ita
1358 3252 1388 3301 et
1399 3245 1498 3301 merito
1509 3245 1692 3302 successimus
1706 3246 1734 3301 in

125 3335 262 3393 illustrem
286 3333 462 3391 llincmarum
484 3332 690 3405 Lugdunensem
721 3332 887 3405 episcopum,
940 3338 1042 3404 labore,
1056 3345 1085 3392 et
1095 3336 1168 3393 sicut
1177 3335 1307 3392 sudorum
1326 3335 1386 3406 ejus
1399 3343 1429 3392 et
1441 3335 1653 3406 dispositionum
1670 3344 1734 3393 tune

90 3427 231 3485 desiderio
244 3427 418 3485 visendorum
431 3434 588 3483 sanctorum
608 3425 794 3495 apostolorum
817 3424 888 3480 limi·
939 3428 1093 3486 exstitimus
1103 3426 1407 3494 communicatotcs,ita
1415 3435 1735 3497 quoquenuncoptamua

89 3533 160 3573 num
181 3517 360 3585 anhelantem,
375 3525 404 3573 et
414 3516 530 3573 libenter
543 3515 738 3588 amplectimur,
750 3526 778 3574 et
789 3516 889 3573 adven·
939 3529 968 3577 ct
978 3520 1126 3592 satagimus
1145 3534 1206 3576 csse
1218 3519 1246 3574 in
1260 3517 1367 3575 cunctis
1395 3515 1595 3575 observatores.
1626 3516 1735 3587 Quanto

90 3616 151 3665 tum
163 3609 236 3667 illius
247 3626 299 3668 non
310 3609 397 3668 solum
409 3623 464 3665 non
478 3605 639 3672 differimus,
649 3622 745 3663 rerum
755 3607 838 3664 etiam
853 3621 888 3662 ne
940 3625 1005 3667 rero
1026 3609 1125 3684 gaudio
1140 3617 1297 3681 quantaque
1310 3608 1397 3664 simus
1420 3607 1605 3663 exsultatione
1625 3605 1733 3678 repleti,

90 3703 163 3761 ultra
175 3703 311 3762 llatendaa
334 3702 448 3776 tlugnsti
463 3710 538 3759 staro
556 3701 665 3767 audeat,
674 3700 812 3773 gravitate
824 3714 889 3772 apo-
939 3703 1122 3777 percipientes
1134 3703 1240 3767 auditu,
1251 3699 1324 3771 quod
1338 3699 1372 3754 de
1384 3698 1509 3754 sanitatis
1522 3705 1576 3754 tuae
1589 3712 1735 3768 recupera.

90 3792 199 3861 stolica,
214 3795 334 3852 scicntes
345 3794 422 3850 illum
436 3792 482 3849 tali
492 3801 557 3850 roto
570 3792 729 3866 spiritaliter
737 3807 816 3862 posse
822 3806 888 3863 pro·
941 3797 1014 3854 tione
1023 3794 1082 3867 jugi
1095 3792 1271 3866 gestabamus
1279 3788 1390 3855 affectu,
1405 3802 1456 3846 nec
1469 3803 1501 3843 os
1516 3787 1670 3858 exprimere
1683 3803 1735 3844 nec

92 3880 191 3953 licere,
216 3883 402 3957 probibemus.
417 3881 487 3940 lluic
512 3897 578 3956 ergo
600 3882 628 3938 in
655 3882 797 3948 veniendo,
816 3881 888 3937 sicut
939 3888 1061 3946 caminus
1084 3883 1214 3958 praeralet
1235 3896 1360 3939 exarare.
1375 3880 1453 3938 Unde
1464 3882 1653 3939 benediximus
1666 3882 1732 3950 beo,

94 3976 246 4034 auctoritas
257 3975 415 4048 apostolica,
430 3976 470 4032 sic
482 3975 572 4031 laneat
586 3982 613 4032 et
627 3973 885 4044 numanitasrcsia:
939 3989 968 4036 et
977 3979 1061 4036 totius
1074 3977 1165 4034 cordis
1179 3974 1344 4045 iubilatione
1354 3973 1535 4040 laudavimus,
1546 3973 1678 4033 excitanti
1690 3974 1731 4029 ri·

91 4078 227 4140 qutwnua
238 4069 411 4141 episcopatus
420 4064 480 4137 eius
495 4065 571 4123 omni
585 4075 679 4122 careat
697 4079 753 4145 per
764 4074 885 4121 vestram
938 4070 1037 4128 delicet
1049 4068 1141 4126 dilecti
1156 4066 1204 4123 lilii
1216 4066 1303 4122 nostri
1317 4064 1409 4121 Rasilii
1423 4065 1555 4139 principis
1568 4073 1596 4123 et
1617 4067 1730 4140 Augusti

90 4160 301 4218 sollicitudinem
315 4159 499 4216 detrimento:
512 4157 577 4214 dum
589 4158 885 4228 praediorumsuorum,
938 4158 1171 4217 ferventissimum
1192 4156 1329 4228 spiritum,
1351 4170 1405 4211 non
1425 4155 1515 4212 solum
1536 4157 1571 4213 ad
1585 4157 1734 4214 vindictam

91 4264 221 4324 perverse
234 4252 639 4324 aliortmannopossessorum,
662 4251 886 4309 liberalitatem·
937 4247 1158 4315 malclactorum,
1185 4261 1281 4302 rerum
1304 4246 1387 4302 etiam
1411 4245 1447 4300 ad
1470 4244 1580 4301 laudem
1595 4245 1732 4302 bonorum

93 4352 148 4401 stra
161 4362 213 4417 per
227 4345 450 4403 intercessionem
474 4354 596 4400 nostram
618 4343 700 4401 luerit
723 4344 887 4417 potitusau·
938 4342 1041 4401 scilicet
1055 4340 1101 4413 qui
1124 4338 1224 4409 eripuit
1251 4335 1401 4393 Ecclesiam
1425 4335 1484 4401 bei,
1510 4334 1575 4392 dum
1596 4338 1731 4408 quotidie,

92 4447 212 4508 gmeuto.
225 4438 302 4496 Sicut
313 4438 540 4510 enimgaudemus
549 4452 612 4494 cum
622 4437 798 4495 serenitatem
810 4446 884 4494 tuam
937 4436 1002 4508 quia
1016 4449 1071 4490 non
1081 4430 1220 4489 consensit
1236 4428 1371 4493 adultero,
1388 4426 1541 4482 traheretur
1556 4435 1611 4481 tarn
1624 4427 1659 4482 ad
1672 4442 1733 4481 cor·

93 4546 156 4605 erga
179 4540 281 4590 statum
304 4531 530 4596 ecclesiasticum,
557 4543 632 4586 more
656 4530 884 4601 predecessorum
939 4526 1015 4598 poris
1036 4538 1118 4596 quam
1137 4522 1172 4578 ad
1200 4521 1299 4577 animae
1320 4528 1449 4585 mortem,
1473 4518 1558 4574 instar
1571 4518 1665 4587 utique
1680 4517 1733 4571 Da·

93 4623 257 4695 principum,
270 4621 409 4679 liberalem
419 4630 475 4679 tam
486 4620 587 4678 litteris
606 4620 731 4678 audimus
746 4637 829 4693 quam
840 4638 887 4679 vo·
900 4632 926 4693 1)
939 4621 1018 4679 nielis
1032 4618 1233 4677 sanctissimam
1243 4615 1384 4687 eripientis
1398 4614 1553 4672 Susannam
1566 4632 1582 4671 a
1597 4615 1733 4672 sententia

94 4715 190 4771 cibus:
211 4717 251 4773 sic
276 4716 415 4782 nimirum,
430 4727 564 4771 comeam
580 4714 607 4768 in
620 4712 712 4784 aliquo
735 4713 889 4771 distrabcn·
940 4712 1047 4778 mortis,
1062 4726 1144 4783 quam
1157 4709 1287 4782 impudici
1309 4708 1474 4780 presbyteri,
1500 4709 1547 4778 qui
1570 4708 1733 4764 ridebantur

95 4814 147 4863 tem
176 4816 253 4865 extra
278 4807 501 4863 consuetudinem
527 4821 606 4863 suam
618 4805 815 4877 comperimus,
831 4816 888 4862 tota
940 4819 1036 4878 regere
1060 4802 1190 4876 populum
1211 4801 1330 4868 Domim,
1349 4809 1504 4856 nouantem
1519 4800 1661 4871 regebant,
1686 4801 1734 4856 sed

94 4901 246 4959 valetudine
256 4900 458 4957 contristamur.
473 4898 644 4971 Quapropter
654 4907 681 4954 et
690 4898 889 4954 Nortmanmtm
940 4899 1032 4970 potius
1041 4897 1132 4954 Plautii
1145 4911 1222 4953 more
1233 4896 1392 4967 perdebant,
1404 4895 1532 4966 nequiter
1545 4904 1732 4953 extorserunt.

96 4994 163 5052 scito
179 4993 500 5066 auctoritateapostolica
514 4993 643 5050 continuo
656 4993 692 5049 ab
703 4990 890 5050 ecclesiastica
941 4989 1077 5047 Praetorca
1103 5004 1164 5061 qua
1193 4987 1321 5059 prelatus
1353 4987 1508 5059 apostolicae
1533 4988 1735 5045 recordationis

98 5086 293 5150 communione,
309 5085 362 5141 nisi
378 5100 408 5141 se
417 5084 626 5155 presentialiter
639 5082 766 5141 omnibus
779 5084 886 5157 Lugdu·
941 5081 1066 5155 pontilea
1078 5080 1241 5154 regulariter
1252 5095 1285 5136 ac
1302 5081 1431 5152 synodice
1444 5088 1498 5135 tam
1514 5080 1548 5138 de
1558 5079 1734 5137 schismatico

98 5176 186 5232 nensis
198 5174 322 5234 ecclesie
336 5176 417 5232 rebus
424 5176 543 5241 exuerit,
555 5173 755 5247 repellendunr;
769 5185 890 5232 ctrene·
941 5185 970 5231 et
983 5175 1093 5231 moecho
1105 5174 1214 5237 Photio,
1228 5182 1256 5230 et
1278 5174 1460 5240 ordinatione,
1473 5174 1527 5230 imo
1542 5173 1732 5230 exsecratione

99 5264 206 5324 rabilem
232 5268 321 5324 airum
344 5266 520 5325 llincmarunr
534 5267 701 5340 episcopum,
715 5267 738 5324 si
750 5269 889 5340 proposito
941 5266 1039 5340 ipsius,
1052 5276 1133 5337 atquc
1156 5266 1328 5337 Syracusana
1341 5264 1482 5337 Gregorio,
1507 5278 1587 5333 quam
1601 5264 1685 5318 etiam
1699 5264 1733 5320 de

100 5354 210 5416 Romam
223 5359 348 5417 veniendi
363 5361 475 5427 abusus,
499 5362 571 5432 quod
585 5361 654 5418 bene
674 5361 760 5427 norit,
774 5362 889 5420 reddere
940 5367 969 5415 te
979 5356 1136 5429 specialiter
1156 5364 1186 5411 et
1201 5357 1235 5412 de
1244 5356 1473 5426 compatientibus
1495 5354 1544 5410 tibi
1570 5355 1691 5410 sanxerit
1704 5364 1734 5410 et

100 5464 150 5509 nou
179 5453 322 5521 studuerit,
349 5454 557 5526 transgressoris
581 5452 698 5524 iudicio,
724 5454 796 5525 qnod
815 5452 888 5512 beas
941 5446 1087 5512 delinieris,
1109 5454 1205 5502 tenore
1216 5445 1320 5501 valebis
1331 5442 1391 5513 eius
1404 5441 1588 5514 epistolarum,
1602 5458 1672 5515 qaas
1685 5460 1732 5500 su-

101 5546 235 5614 arerterit,
262 5545 437 5618 puniendum.
451 5544 612 5620 Quicunque
631 5546 739 5620 igitura
753 5556 886 5620 tempore,
938 5535 1163 5611 lierffiidllim
1174 5545 1294 5607 “millii
1301 5532 1731 5604 0⁰⁰⁸²²¹¹²l¹¹⁰ll⁰¹l¹¹¹dffifiss²ll²s

101 5647 151 5703 qun
161 5636 274 5718 {tomam
297 5638 392 5695 veum
408 5639 532 5710 emperia,
546 5640 711 5710 usqugjnjd
724 5654 791 5712 quo,
804 5639 886 5696 Chri.
939 5637 1066 5702 patemm
1077 5627 1210 5684 ediscere.
1226 5622 1328 5681 Verum
1341 5624 1364 5681 si
1376 5625 1411 5679 ad
1423 5625 1547 5681 notitiam
1567 5633 1621 5680 tuae
1642 5624 1732 5681 beati·

103 5729 141 5778 sto
152 5726 228 5794 duce,
245 5727 280 5784 ad
291 5728 401 5800 propria
415 5729 587 5791 remeaverit,
604 5730 631 5785 in
643 5729 812 5800 quibuslibet
839 5744 886 5787 rc·
940 5722 1044 5780 tudinis
1057 5736 1111 5777 uon
1124 5726 1319 5791 pervenerunt,
1332 5733 1348 5772 a
1362 5716 1454 5772 missis
1467 5718 1569 5773 nostris
1581 5716 1633 5773 has
1656 5718 1731 5772 acci-

104 5811 228 5878 bttsillius
246 5819 367 5879 ecclesiae
387 5819 526 5890 quodlibet
548 5828 676 5893 operatus
696 5820 778 5880 luerit
801 5821 887 5880 detri·
940 5817 1028 5889 piens,
1048 5814 1084 5873 ad
1096 5810 1303 5872 instructionem
1323 5818 1397 5867 tuam
1418 5818 1447 5867 et
1464 5819 1670 5868 monumentum
1691 5807 1731 5866 lu·

295 5929 431 5994 Parnon.
443 5915 582 6010 Exilii.
755 5946 774 6007 ἑ·
794 5952 844 6005 ··:
905 5962 920 5995 ,
1508 5909 1558 5976 tt.
