4167 6625
114 349 169 407 tta
531 356 575 413 ott
595 356 764 415 utttstoite
783 356 957 427 baudillii.
977 387 1013 400 -
1030 355 1132 427 itutttt
1150 357 1325 428 QUARTUS.
1696 369 1749 433 851

114 462 203 518 ieram
218 462 346 519 ameliam
365 463 464 522 diaboli
484 469 718 557 membrorumque
736 473 796 544 eina
808 472 865 531 sive
879 473 904 535 iu
921 481 943 547 Α
958 472 1079 551 Quorum
1093 472 1225 546 quaedam
1247 473 1381 551 quidem·
1397 475 1476 561 longe
1490 487 1566 536 extra
1579 480 1675 539 nmium
1689 497 1749 540 202.

114 553 234 637 angelis,
250 555 308 610 sive
326 555 354 611 tu
371 557 524 617 hontlnibus
541 562 628 629 unalis,
644 563 761 633 fipmeati
775 578 842 619 uero
860 579 906 621 scu
959 580 1070 637 peream
1088 565 1229 622 sentientis
1246 567 1445 641 extenduntur,
1465 578 1496 626 ut
1509 570 1581 628 risus
1594 579 1621 635 et
1634 572 1748 633 auditus.

115 648 283 719 formationis
293 652 436 720 vocabulo,
447 655 511 737 quia
525 656 564 713 sic
574 657 717 715 diversitas
730 660 908 733 interpretum
958 655 1049 717 Solem
1070 669 1187 733 namque
1209 665 1237 713 ot
1250 657 1341 713 lunam
1361 658 1394 729 ¹⁰,
1415 636 1561 741 ceteraque
1571 663 1659 731 sidera
1673 663 1752 745 lunge

115 740 254 798 Ecclesiae
269 743 364 801 usibus
377 760 410 802 ct
430 747 558 805 hebraico
572 752 842 833 transtuliteioqnio,
862 761 909 810 aui
958 746 993 804 ab
1006 762 1039 811 eu
1059 747 1129 825 loeo,
1144 762 1198 820 quo
1217 748 1370 820 corpusculi
1387 751 1439 807 mei
1463 752 1547 809 mules
1562 755 1690 823 ambitur.
1706 772 1751 835 po

114 842 243 889 naturam
257 848 369 902 eorum,
392 840 538 895 secundum
552 858 634 914 qnam
653 860 668 899 a
688 845 744 900 ileo
763 847 907 920 stritstitntp
958 843 1009 903 sita
1029 842 1128 901 sentio.
1144 838 1195 903 Ubi
1218 843 1290 903 euim
1304 851 1376 911 suni,
1404 843 1486 902 ibice
1506 846 1594 907 sentio
1615 846 1642 903 in
1668 847 1752 917 radiis

111 930 193 991 sunt,
213 925 370 998 unusquam
391 937 552 998 peccarent,
572 941 619 988 aui
636 948 684 1000 ca,
705 950 775 1006 qtrae
800 947 909 1013 pmpter
958 934 1098 990 octtiorum
1114 948 1247 1003 meorum,
1267 935 1312 1013 qni
1326 936 1389 994 illue
1403 936 1475 995 nulia
1494 954 1570 995 mora
1591 939 1752 999 interstante

112 1018 271 1085 superbiam
292 1033 369 1073 snam
391 1019 432 1075 eis
449 1021 623 1094 superaddita
648 1033 712 1083 suin
731 1027 757 1095 ¹,
777 1027 909 1100 inteiliga-
958 1025 1109 1106 eriguntur,
1124 1026 1263 1101 inquibus
1279 1026 1439 1099 phantasiae
1459 1028 1658 1104 praedictorum
1680 1030 1751 1089 side-

109 1121 189 1164 mus.
208 1108 260 1165 Seri
273 1111 454 1185 qualicunque
466 1116 547 1179 modo
565 1118 731 1189 accipiamus
750 1119 908 1191 iigmentnm
958 1132 1017 1189 rum
1032 1115 1195 1173 formamur.
1212 1118 1430 1193 Videsneiqiiur,
1442 1134 1523 1191 quant
1541 1120 1618 1197 longe
1629 1119 1750 1192 praelata

111 1213 164 1254 seu
180 1198 377 1267 iormatiunem,
389 1203 441 1269 itoc
454 1214 495 1261 εει
508 1207 565 1263 sire
577 1208 610 1263 tie
622 1219 729 1276 natura,
742 1211 799 1267 sire
813 1212 847 1267 tie
861 1226 908 1268 na·
958 1208 1059 1269 lemine
1078 1210 1233 1268 calcaneum
1250 1214 1367 1270 suumin
1382 1230 1484 1288 organo
1497 1214 1518 1250 ¹⁸
1534 1216 1640 1275 ridendi
1654 1226 1750 1279 caten·

111 1301 193 1348 torae
206 1294 397 1364 superadditis,
412 1297 446 1352 ad
463 1296 626 1355 iiindrndum
640 1301 665 1357 ei
679 1317 694 1363 a
709 1303 810 1367 sanctie
821 1304 909 1359 immi·
957 1302 1006 1358 tiit.
1024 1301 1154 1376 Similiter
1163 1304 1196 1359 de
1206 1302 1258 1371 ltis,
1273 1318 1343 1375 quac
1355 1320 1439 1377 pmpe
1451 1306 1493 1361 vei
1510 1307 1532 1339 ¹¹
1545 1307 1572 1362 in
1586 1307 1683 1367 mediis
1693 1323 1751 1379 spa·
1792 1364 1797 1374 ,

108 1382 193 1437 nibus
208 1386 365 1457 sanctisque
379 1387 482 1459 angelis
499 1389 623 1447 diabolus
635 1406 697 1449 cnm
711 1408 760 1447 auo
775 1401 830 1449 toto
848 1410 909 1451 eor·
958 1391 1003 1446 tiis
1023 1392 1158 1456 videniur,
1181 1392 1393 1469 inlelligendittn·
1417 1394 1476 1450 Non
1496 1395 1549 1452 alio
1562 1396 1641 1457 motio
1661 1397 1694 1453 de
1707 1414 1752 1451 au·

108 1488 179 1547 pore
198 1470 333 1533 lnrmatus
349 1489 409 1546 cst,
433 1496 487 1537 non
504 1481 581 1551 Juxta
601 1486 672 1556 quod
691 1486 852 1542 naturaiiter
865 1486 908 1545 ia·
958 1484 1048 1549 diendi
1063 1483 1151 1540 oiiicio
1174 1484 1305 1542 naturalis
1328 1486 1421 1558 organi
1442 1488 1624 1555 consideratio
1644 1488 1749 1546 edocet.

109 1575 189 1635 cius,
205 1572 253 1627 setl
270 1568 349 1645 iuxta
371 1575 443 1643 quod
463 1577 643 1648 superbiendo
662 1595 780 1651 suraeque
796 1589 909 1645 qaturue
959 1575 1076 1639 Auditus
1090 1575 1223 1646 siquidem
1242 1584 1318 1633 extra
1334 1578 1455 1649 corporis
1469 1580 1555 1653 spatia
1575 1579 1648 1639 iuras
1662 1594 1751 1639 erom-

109 1661 273 1732 niquitatem
288 1665 438 1721 deserendo
453 1666 568 1723 iuturus.
583 1669 711 1733 iiiodetor
724 1672 796 1727 euim
813 1687 907 1735 asau-
958 1668 1007 1740 pit,
1022 1677 1050 1723 ιιι
1068 1683 1196 1724 sonorum
1211 1683 1258 1729 seu
1282 1684 1377 1724 vocum
1403 1668 1532 1725 iormnlas
1554 1671 1580 1726 iu
1604 1672 1691 1743 seipso
1708 1688 1752 1727 er·

109 1753 165 1809 ctis
180 1753 238 1823 ejus
251 1755 355 1826 angelis
392 1797 401 1823 ,
426 1761 628 1816 remaneniibus
646 1762 744 1834 quippe
767 1763 821 1818 illis
839 1764 906 1817 burm
956 1774 1065 1833 pressas
1085 1762 1205 1831 recipiat,
1221 1762 1277 1816 sire
1296 1761 1384 1833 longe,
1404 1762 1461 1818 sive
1478 1778 1561 1837 prope
1581 1763 1636 1821 iciu
1651 1763 1752 1821 ¹⁸airis

107 1843 294 1901 voluntateri
308 1846 455 1904 conditoris
475 1850 563 1933 qratia
578 1848 638 1909 nris
656 1852 667 1884 ⁸
683 1852 709 1908 in
723 1846 754 1908 ea
770 1852 906 1914 felicitate,
924 1846 1080 1913 Beiiectas.
1095 1849 1209 1916 Quidam
1223 1863 1289 1904 reru
1302 1850 1372 1909 intra
1389 1852 1519 1906 terminos
1533 1852 1654 1922 corporis
1668 1852 1753 1908 conii-

107 1936 141 1992 in
155 1952 207 2006 aqua
231 1938 315 1993 creati
331 1950 403 1995 som.
424 1939 468 1994 ilie
488 1943 603 2011 superba
623 1944 790 2011 igituraniia,
810 1959 863 2015 qua
879 1958 909 2000 se
959 1948 1070 2005 uenture,
1084 1946 1113 1994 ut
1123 1949 1165 1994 εει
1175 1939 1290 1997 ollactus
1302 1948 1329 1997 ει
1340 1951 1446 2011 gustus,
1460 1951 1489 1996 ut
1502 1941 1593 1999 multis
1608 1944 1640 1999 tie
1654 1953 1752 2011 aalma

108 2043 243 2083 casurum
253 2044 306 2084 aon
320 2031 513 2111 praesciverat,
524 2047 587 2089 nam
603 2035 625 2087 ai
639 2035 797 2113 praesciret,
812 2033 908 2099 lorias·
959 2046 1085 2087 sensuum
1098 2033 1296 2105 disputantibus
1311 2034 1334 2066 ¹⁸
1345 2034 1460 2091 virietttr.
1472 2033 1530 2091 Non
1542 2036 1638 2091 desum
1651 2043 1751 2101 tamen,

108 2124 154 2181 sis
173 2123 224 2180 sibl
239 2124 409 2199 praevideret
428 2140 462 2181 nc
476 2127 597 2192 caderet,
615 2126 761 2211 deceptus,
777 2129 908 2184 iuridiae÷
960 2121 1005 2195 qni
1021 2136 1131 2177 sensum
1143 2121 1285 2177 olfaciendi
1302 2121 1374 2177 iuras
1386 2132 1527 2179 antoanam
1540 2124 1673 2197 prosilire,
1686 2140 1752 2197 quo-

109 2230 168 2284 quc
182 2215 266 2270 litore
280 2215 399 2281 innatus,
415 2217 441 2281 in
455 2233 532 2273 suam
547 2227 644 2291 sponte
657 2218 784 2295 delapsos
801 2230 843 2278 esi
855 2221 908 2276 mi·
960 2231 1019 2270 rmn
1033 2217 1187 2288 opinionem
1200 2232 1252 2271 auu
1266 2231 1412 2289 possumus
1424 2232 1552 2287 spernere
1564 2234 1571 2289 ς
1587 2216 1753 2290 longiusculo

108 2308 224 2367 sariam,
239 2306 309 2370 iusti
321 2323 387 2364 aero
402 2309 526 2365 immines
542 2308 679 2373 Crantoris
692 2311 732 2366 sui
748 2327 780 2367 ac
793 2310 910 2369 Redem·
959 2307 1031 2363 enim
1057 2325 1072 2367 a
1097 2308 1256 2379 corporibus
1279 2308 1380 2364 nostris
1397 2309 1466 2365 bene
1484 2324 1532 2365 seu
1556 2308 1635 2365 aliter
1651 2308 1751 2365 olentia

109 2402 203 2483 pturis
215 2402 317 2475 pietate
330 2402 436 2459 liberati
449 2410 475 2457 ει
490 2402 646 2472 illuminati,
663 2402 776 2460 iliadum
793 2405 826 2468 ei,
844 2406 908 2463 darm
960 2401 1102 2459 sentimus.
1128 2401 1166 2455 lie
1189 2409 1260 2461 tacto
1285 2410 1373 2457 attietn
1394 2417 1475 2481 nemo
1487 2403 1662 2479 physicorum
1677 2402 1751 2459 ‹irrbi-
1785 2410 1790 2419 '

108 2491 204 2562 ipsum
221 2491 336 2559 latenter
354 2492 442 2557 iorma
462 2493 527 2555 boui
547 2495 713 2573 coloratum,
725 2497 909 2568 virtutumque
961 2502 1011 2559 tat,
1031 2495 1103 2573 tqttod
1118 2495 1226 2553 etintra
1240 2510 1338 2567 corum
1350 2504 1466 2563 etextra
1482 2512 1561 2561 suurn
1573 2504 1684 2575 peragat
1699 2494 1753 2550 oiil·

110 2584 294 2651 sitniiitotiine
307 2586 369 2643 titia
392 2588 618 2663 mortiferumque
638 2589 756 2655 malitiae
775 2605 908 2651 venenum
960 2586 1043 2640 cium.
1060 2585 1140 2641 Solos
1162 2586 1233 2641 enirn
1254 2594 1281 2641 ct
1307 2584 1366 2641 slttc
1385 2586 1445 2641 aiiis
1463 2587 1585 2643 sensibus
1599 2587 1652 2641 tim
1675 2602 1751 2642 suam

110 2686 304 2750 suggerentem
322 2678 487 2743 sentientes,
502 2694 564 2735 mon
581 2690 661 2755 capot
679 2678 737 2759 eius
754 2688 908 2743 conterunt,
960 2686 1093 2732 excercet.
1106 2676 1200 2737 Nullus
1215 2691 1278 2732 vem
1293 2675 1407 2735 aliorum
1421 2686 1549 2749 quattuor
1566 2676 1668 2747 absque
1682 2676 1754 2735 illins

108 2783 261 2840 escamque
270 2768 448 2840 spiriittaiem,
460 2768 579 2831 divinum
591 2769 716 2827 videlicet
727 2770 908 2857 prudentiam,
960 2767 1336 2839 cooperationeministerittm
1348 2783 1427 2826 suum
1438 2768 1510 2824 vaiet
1520 2767 1675 2841 adimplere.
1684 2767 1752 2831 Narra

109 2877 184 2939 quae
196 2861 262 2918 uitia
275 2878 290 2916 a
306 2861 451 2919 uirtutibus
464 2862 593 2929 secernit,
610 2877 644 2917 oe
662 2862 774 2923 subdola
789 2863 909 2929 versantia
960 2867 988 2913 ct
1001 2858 1076 2915 uisus
1089 2874 1142 2913 iton
1155 2867 1242 2928 potest
1255 2858 1357 2923 villere,
1372 2858 1423 2913 nisi
1438 2858 1566 2930 tetigerit,
1581 2857 1651 2931 quod
1663 2856 1749 2933 videm

110 2972 162 3012 eos
183 2953 279 3013 iallere
303 2956 413 3021 ualeat,
438 2956 560 3012 internae
583 2955 755 3021 discretionis
784 2956 910 3012 dentibus
960 2966 1011 3017 nec
1026 2950 1134 3005 auditus
1152 2950 1261 3016 audite,
1282 2949 1333 3015 nisi
1352 2950 1486 3022 tetigerit,
1502 2949 1574 3029 quod
1593 2949 1681 3017 autiit;
1703 2965 1755 3019 nec

109 3048 314 3115 comminuunt,
337 3049 448 3119 uerique
473 3048 537 3103 boni
560 3046 674 3117 sinceris
699 3047 810 3123 dapibus
835 3046 910 3102 omni
960 3041 1076 3099 ollactus
1090 3040 1222 3105 oliaccre,
1240 3040 1262 3096 si
1276 3056 1330 3100 nora
1346 3041 1482 3113 tetigerit,
1495 3041 1566 3113 quud
1579 3041 1649 3107 oict;
1665 3055 1755 3111 nequex

110 3140 233 3199 mixtura
261 3140 325 3199 maii
350 3141 473 3213 purgatis
503 3148 658 3197 vescuntur.
684 3139 776 3212 Neque
801 3140 907 3196 iriquum
960 3116 1754 3210 gustusgustaresinonteiigerit,quodpnstat.iniurati·

110 3228 256 3297 mulierem
282 3233 306 3296 ⁶,
319 3231 372 3287 boc
388 3238 431 3293 est
448 3245 557 3287 senatun
576 3231 595 3295 ⁸,
616 3230 796 3287 materialium
815 3245 906 3286 rerum
921 3205 1036 3282 C'uerte
1054 3227 1145 3309 itaque
1163 3224 1285 3285 rntdieris
1304 3225 1461 3283 calcaneum
1484 3223 1530 3290 ¹⁸,
1551 3221 1754 3299 quinqueperti-

108 3323 289 3396 pulchritudo
303 3324 417 3408 decipit,
436 3340 486 3406 per
498 3339 579 3396 quam
595 3325 722 3398 antiquus
741 3321 862 3400 coluberq
876 3322 907 3378 li·
961 3324 1017 3371 ium
1031 3331 1139 3372 sensum
1149 3315 1317 3382 sertsibiiimn
1333 3329 1423 3369 rerum
1438 3313 1587 3386 phantasiis
1597 3312 1756 3396 iurmaiumq

107 3401 241 3472 bidinosa
261 3415 437 3482 delectatione
455 3417 612 3488 mediante,
627 3415 767 3472 structilem
780 3415 908 3472 uitiorum
960 3409 1003 3465 coi
1019 3423 1131 3479 serpeus
1147 3407 1261 3463 callidus
1279 3406 1433 3482 insidiatur.¹
1447 3404 1592 3482 Insidiator
1605 3399 1676 3459 enim
1689 3418 1757 3484 seu-¹

105 3520 219 3565 venena
241 3506 268 3562 iu
293 3506 498 3580 imprudentium
515 3508 620 3564 animos
638 3506 648 3538 ⁸
664 3505 797 3568 riiiinndii.
811 3506 911 3568 Canum
959 3503 999 3559 aui
1011 3501 1130 3566 sitiendi,
1144 3502 1207 3555 rium
1218 3499 1444 3572 pulchritudinem
1459 3497 1606 3558 formarum
1619 3496 1754 3572 colorum

109 3598 146 3658 rit
165 3612 234 3680 erqo
255 3599 370 3664 mulier,
384 3599 435 3656 ltoc
448 3610 491 3658 cst
507 3615 616 3661 sensus,
636 3600 765 3655 maiitiam
788 3598 909 3668 bonitate
958 3608 1011 3663 quo
1024 3592 1141 3648 incautis
1161 3591 1304 3654 animabus
1326 3590 1481 3660 perniciose
1501 3589 1596 3650 suadet
1609 3588 1757 3668 cuncupis-¹

109 3689 272 3760 discernens
305 3689 333 3755 1,
357 3689 477 3746 fortioris
501 3689 637 3758 mulieris,
658 3689 705 3744 liei
730 3689 812 3745 Verbi
837 3688 908 3766 dicu,
959 3697 1031 3737 cere.
1041 3682 1143 3740 Eadem
1155 3681 1260 3737 ratione
1272 3680 1454 3744 debarmonia
1464 3677 1753 3744 uocumdesuaritaie

109 3779 262 3848 illutibilis
284 3781 512 3848 inritaturum,
536 3782 639 3852 adiuba,
666 3780 802 3842 roborata,
828 3787 855 3835 ei
874 3780 909 3836 ati
959 3775 1088 3850 otiorum,
1109 3777 1142 3830 de
1162 3789 1287 3845 saporum
1304 3789 1467 3845 eorumque,
1481 3787 1550 3846 rqttac
1570 3779 1658 3826 tacitus
1671 3771 1752 3824 attin-

108 3870 306 3952 perlectiuncm
330 3853 445 3928 actionis
464 3881 492 3932 ει
510 3851 745 3952 contemplationis
766 3871 910 3948 perducta,
958 3869 1007 3941 pit,
1018 3867 1244 3930 delectationibus
1256 3865 1457 3939 intelligendum
1468 3865 1595 3920 arbitror.
1608 3861 1682 3932 Quae
1694 3877 1752 3916 urit·

110 3970 194 4029 caput
209 3962 342 4031 serpentis
355 3970 382 4026 el
397 3963 485 4034 capita
500 3961 650 4020 diabolicae
671 3959 798 4024 uidelicet
809 3975 907 4033 sogge-
959 3960 1015 4024 nia,
1028 3962 1092 4018 tium
1108 3958 1274 4029 improuide,
1291 3957 1342 4012 boc
1354 3963 1396 4011 esi
1409 3955 1510 4019 carnali
1528 3956 1674 4030 cupiditate
1687 3968 1752 4009 con·

109 4052 209 4108 ationis
223 4051 451 4123 illecebmsaeque
465 4051 652 4109 delectationis
665 4051 820 4123 primordia,
835 4052 907 4106 unde
958 4053 1065 4124 cupita,
1084 4066 1132 4126 per
1150 4064 1311 4122 corporeum
1330 4063 1440 4105 sensum
1458 4046 1492 4101 ab
1512 4046 1602 4104 anima
1622 4047 1643 4079 ¹⁸
1662 4045 1751 4126 perci·

109 4147 152 4202 eis
166 4146 269 4212 taetitia
281 4147 424 4218 divinaque
435 4141 549 4201 eiilcitttr
562 4143 675 4200 reiectio
695 4142 716 4197 ⁸.
728 4142 821 4211 Qualis
835 4142 908 4198 enim
957 4145 1084 4230 piumur,
1100 4142 1271 4198 mortiferum
1289 4141 1442 4200 diuinorum
1458 4140 1644 4208 nnanziaturmu
1660 4146 1758 4218 trans·¹

109 4234 201 4308 maior
222 4235 324 4293 laetitia
343 4244 384 4291 esi
406 4235 583 4307 spiritualiter
601 4235 628 4290 in
648 4235 769 4298 haesita
788 4232 908 4304 dcqeuti·
958 4232 1233 4308 gressioniseiiiciunt
1245 4248 1389 4297 venenum,
1401 4231 1577 4308 omniumque
1591 4228 1750 4298 delicturum

109 4327 175 4396 bns,
189 4340 272 4400 quam
286 4327 456 4398 serpentinas
467 4325 679 4395 libidinosasque
695 4323 794 4380 diaboli
812 4337 907 4378 uersat·
958 4327 1062 4404 scrutina
1077 4327 1210 4388 urttriunt.
1224 4326 1258 4381 Et
1274 4325 1324 4404 boc
1339 4332 1397 4391 est,
1410 4324 1481 4398 quod
1497 4323 1621 4402 superius
1632 4321 1751 4378 insinuat

111 4420 167 4489 tias
190 4419 217 4474 in
231 4420 327 4490 seipsis
341 4420 430 4493 primo
444 4419 619 4486 continuere,
635 4433 668 4475 ac
688 4417 785 4474 deinde
803 4416 906 4498 simpli·
958 4417 1110 4488 Scriptura,
1124 4417 1167 4471 ubi
1184 4417 1244 4486 ait:⁴
1265 4413 1334 4470 Vidit
1349 4415 1429 4488 iqitur
1445 4409 1554 4475 mulier,
1568 4411 1637 4483 quod
1655 4411 1751 4466 bortum

110 4511 236 4566 eioribus
247 4526 275 4568 se
287 4511 313 4566 in
326 4512 434 4582 actione
447 4519 475 4566 et
487 4509 666 4583 intelligentia
679 4509 812 4574 ildulibtts,
832 4523 866 4562 ne
879 4514 908 4561 et
957 4515 1021 4562 earet
1035 4504 1133 4578 lipnum
1145 4506 1180 4558 ud
1194 4505 1358 4568 uescendum,
1371 4511 1394 4579 et
1408 4501 1545 4572 pulcitrnar
1562 4499 1655 4584 oculis,
1673 4515 1749 4569 uspe-

110 4603 166 4674 ipai
182 4604 283 4659 eisdem
296 4604 449 4674 decepturis
468 4603 573 4659 insidiis
586 4603 738 4675 capiantur,
753 4601 904 4674 propalare.
922 4569 1053 4670 uctrtqae‘
1070 4594 1236 4662 deiectuiile,
1256 4605 1280 4658 et
1298 4594 1358 4648 iniit
1376 4592 1409 4648 de
1429 4591 1517 4662 [racio
1535 4589 1607 4644 iliius
1628 4589 1650 4621 ¹'
1666 4599 1690 4642 et
1709 4604 1750 4642 co

111 4691 147 4746 Et
161 4703 191 4749 itt
206 4694 372 4751 insidiaberis
382 4694 505 4750 calcaneo
516 4694 584 4764 eiua.
596 4694 759 4751 calcaneum
772 4693 907 4758 mulieris,
958 4694 1047 4758 medii,
1063 4692 1185 4772 deditque
1197 4692 1311 4772 circatio
1323 4702 1332 4741 :
1344 4686 1483 4742 mulierem
1498 4684 1622 4750 niticlicet
1636 4681 1760 4760 figurate

110 4801 183 4857 quae
193 4794 237 4842 est
247 4784 476 4852 emmerammum
487 4785 653 4842 sensibilium
664 4786 823 4856 phantasiae
833 4793 907 4852 sum,
959 4783 1126 4862 exteriorem
1148 4795 1255 4836 sensum
1281 4777 1436 4849 appellans,
1466 4788 1556 4850 rerunt
1583 4771 1750 4846 sensibilium

111 4882 166 4938 iane
178 4890 222 4937 est
236 4881 384 4951 imagines,
399 4861 470 4952 quae
484 4880 518 4936 de
534 4878 719 4950 corporalibus
739 4878 860 4933 numeris
880 4877 908 4942 in
960 4874 1111 4950 phantasiis
1127 4873 1289 4936 delectatum
1309 4879 1390 4941 atque
1410 4868 1566 4938 deceptum,
1588 4865 1641 4944 uiri
1660 4872 1751 4919 autem

80 4967 92 5030 i
111 4972 332 5044 quinquepertito
357 4988 437 5029 seusu
451 4971 649 5043 exprimuntur.
664 4971 703 5024 dc
720 4984 769 5039 per
785 4969 836 5024 ime
852 4966 908 5023 cai·
961 4973 1140 5047 appellatione
1154 4970 1274 5025 animum
1290 4967 1462 5040 significans,
1480 4963 1526 5034 qui
1546 4960 1636 5017 settstri
1653 4975 1760 5038 corpu.

111 5077 230 5122 caucum
242 5064 306 5122 iilud
320 5065 568 5137 quinquepertitum
583 5077 644 5119 esse
671 5076 782 5119 necesse
794 5070 845 5118 est.
860 5060 908 5117 ili·
960 5085 1008 5126 reo
1029 5066 1121 5134 illicite
1140 5061 1320 5134 consenticus,
1333 5057 1530 5129 corrumpitur,
1550 5055 1601 5110 iroc
1618 5062 1676 5130 est,
1690 5067 1759 5124 cutt-¹

110 5155 219 5220 ririitur
232 5158 301 5213 enim
315 5160 343 5216 in
359 5160 478 5231 quinque
492 5157 633 5216 notissima
648 5156 779 5212 sentiendi
792 5170 907 5226 organa,
961 5157 1136 5230 templatione
1150 5156 1261 5216 intimae
1274 5150 1396 5206 ueritatis
1411 5154 1578 5228 segregatur.

110 5249 203 5308 vnum
214 5252 284 5322 dieo,
300 5254 436 5320 auditum,
450 5251 593 5330 olfactum,
606 5257 723 5326 qustum,
741 5253 906 5319 tacitumque.
996 5249 1041 5314 25.
1059 5246 1165 5304 iiuiieri
1184 5259 1286 5317 qnoque
1305 5242 1371 5298 dicit
1390 5236 1595 5308 :liulupiicuia
1610 5247 1749 5289 nerttntnnt

755 5395 887 5454 tantan
904 5385 1106 5448 LEC‘l'iONOE.

149 5520 379 5579 ἰιιιιιοιιιῦἱ
425 5517 499 5574 ¹Sic
519 5515 620 5581 cmii
642 5511 742 5598 capelia
761 5510 829 5582 einr.
886 5506 961 5562 'Sic
984 5503 1023 5567 liz
1044 5500 1113 5584 cti·
1142 5500 1157 5553 '.
1208 5485 1748 5591 ’.81εῆΑιιιιιίιιει,(1,ηιιι11ενιιιι.

112 5593 190 5651 'Sic
207 5592 266 5650 CF·
283 5592 419 5647 decusat.
468 5586 616 5649 ‘stacte
643 5569 1086 5653 armpmdmtiunustntudiflaa
1101 5579 1137 5640 tt.
1187 5568 1200 5602 '
1213 5567 1259 5623 Sic
1275 5565 1333 5632 Cli;
1356 5561 1551 5630 notaremus.
1620 5554 1748 5639 5¹9⁰?st

111 5664 134 5718 Α
150 5637 284 5750 perfectio,
321 5658 563 5733 ’quidemqmrb
602 5653 844 5720 “cumanumque
883 5648 904 5686 ¹¹
920 5647 966 5702 Sic
979 5642 1114 5709 emata
1129 5654 1267 5725 arquatum.
1305 5638 1327 5669 u
1342 5632 1576 5758 Siciil²31ltptac
1587 5644 1691 5710 proprie
1703 5624 1750 5679 tale

111 5734 262 5884 iptmetids.
301 5715 589 5858 ‘biiicffie‘biactc
626 5714 1060 5798 oiseii-,adtecturomtatu
1100 5711 1256 5770 *Παιανιᾶ
1271 5704 1425 5765 laicam
1440 5717 1495 5760 om.
1538 5741 1545 5757 .
1584 5698 1608 5734 ‘⁸
1625 5694 1748 5765 stabii

151 5808 186 5866 ab
200 5807 302 5886 apiano,
337 5803 420 5866 uq-
440 5800 460 5856 i.
