4167 6625
372 421 442 481 isati
1050 424 1191 484 audradi
1211 424 1313 484 PAPAE
1330 427 1353 483 ll
1912 415 1965 480 llil

375 562 428 603 noa
442 554 484 603 est
496 549 568 616 quod
580 545 791 617 omnipotentem
808 544 953 602 Dominum
968 553 1002 600 ao
1024 543 1083 600 baec
1104 556 1167 614 per·
1180 544 1206 605 Λ
1218 544 1421 616 vobismetipsis
1433 541 1630 611 consuleretis,
1643 545 1962 628 monuimuaetlorupuq

375 637 477 709 agenda
490 637 539 693 sibi
551 636 693 707 propitium
702 633 795 702 faciei,
804 635 874 692 etde
884 636 1008 693 hostibus
1019 633 1167 691 Christiani
1218 651 1267 692 vos
1279 638 1408 708 oportuit,
1424 635 1610 695 fraternitatis
1626 634 1724 692 aflectu
1738 651 1788 695 nou
1801 638 1911 700 immerito
1920 662 1962 706 oo.

375 729 493 787 nominis
506 729 670 799 triumphum
681 728 735 784 cito
749 727 887 801 percipiet.
904 727 958 785 Sed
972 729 1015 785 bis
1030 727 1168 784 succincte
1218 728 1360 800 ripoimus.
1376 729 1432 786 Sed
1450 737 1557 785 tanturn
1571 726 1723 802 apostolica
1738 730 1831 784 monita
1840 738 1962 809 rmtenpgi.

373 820 501 892 prolatis,
520 822 667 890 quoniam,
694 826 724 874 ut
746 819 936 889 praediximus,
959 818 1030 874 sicut
1046 817 1168 875 omnium
1217 820 1278 887 stis,
1291 829 1422 891 quantum
1437 835 1488 879 nec
1507 818 1615 876 nostris
1632 818 1962 892 epistolisrcspondlstismee

374 911 494 981 pondera
517 911 543 965 in
559 911 680 967 inumeris
695 913 796 968 nostris
814 921 969 984 gestamus,
995 911 1032 967 iia
1046 912 1167 968 omnium
1219 931 1310 988 regem
1324 925 1445 973 restrum
1466 915 1599 973 Catulum
1614 929 1699 986 grave
1713 913 1811 971 lacinus
1828 915 1963 978 incurrentem

375 1011 451 1059 artus
464 1002 613 1075 praevidere
628 1003 767 1070 debemus,
781 1019 814 1058 ne
829 1019 878 1075 pro
890 1002 1016 1060 humanis
1031 1003 1169 1060 favoribus
1218 1007 1312 1079 procul
1327 1006 1408 1062 dubio
1421 1005 1558 1062 doluistis.
1575 1004 1618 1061 iln
1631 1020 1687 1062 non
1700 1019 1779 1077 grane
1788 1003 1866 1064 scelos
1875 1007 1962 1078 inerrat,

375 1112 424 1152 nos
438 1095 496 1152 baec
509 1095 599 1152 dicere
619 1096 681 1167 quis
694 1096 849 1160 existimet,
869 1095 892 1150 si
909 1093 978 1152 forte
991 1093 1129 1153 accideret
1140 1103 1170 1151 ut
1219 1097 1345 1168 quando,
1360 1095 1430 1155 sicut
1441 1096 1520 1154 multi
1532 1103 1662 1154 vestrum
1677 1105 1819 1162 nonerunt,
1838 1098 1872 1154 soi
1882 1099 1964 1170 obito,

373 1187 510 1259 principes
522 1187 618 1256 nostri,
634 1187 732 1260 quibus
753 1205 768 1244 a
785 1202 811 1244 te
823 1203 967 1261 pervasum
983 1203 1097 1261 regnum
1108 1187 1171 1259 jure
1216 1185 1424 1258 jusjurandum,
1439 1185 1511 1259 quod
1524 1186 1594 1243 olim
1609 1200 1674 1241 eum
1695 1182 1817 1244 iratribus
1829 1187 1963 1262 suispepigit,

375 1279 498 1346 debetur,
520 1279 570 1335 sibi
588 1279 677 1335 illatas
694 1279 807 1350 injurias
830 1296 884 1336 non
906 1279 1096 1348 vindicarent;
1120 1293 1170 1335 nos
1220 1294 1274 1350 qno
1300 1294 1380 1335 nemo
1402 1278 1509 1335 illomm
1533 1291 1655 1351 regnum
1683 1275 1792 1333 alterius
1815 1277 1965 1339 invaderetrei

375 1370 509 1442 usquead
524 1387 617 1426 veram
638 1371 869 1438 errrendationem,
882 1371 945 1442 quia
956 1386 1051 1428 ornnes
1065 1370 1171 1426 salvare
1221 1377 1376 1441 usurparet,
1391 1377 1420 1426 ut
1436 1367 1651 1425 evidentissime
1665 1367 1824 1439 patefactum
1836 1379 1963 1443 “tropon

375 1462 510 1527 voluimus,
526 1461 645 1533 perjuria
658 1460 716 1526 iila,
730 1469 812 1533 atque
827 1461 996 1518 invasionum
1014 1461 1169 1536 tyrannides
1222 1464 1358 1534 qnondam
1383 1461 1506 1520 Lotbarii
1530 1461 1725 1534 imperatoris,
1738 1461 1805 1534 quod
1820 1460 1963 1532 inumbrabi-

376 1552 522 1623 impunitas
536 1552 609 1607 nodio
624 1561 702 1623 paeto
716 1551 915 1608 dimitteremus
930 1571 936 1606 :
952 1551 1014 1622 quia
1036 1568 1091 1607 non
1113 1559 1171 1606 am·
1222 1555 1343 1628 peratori
1356 1557 1456 1613 domno
1477 1553 1625 1612 ludovico
1640 1553 1698 1610 itio
1712 1551 1770 1624 ejas
1782 1555 1963 1630 sempcrlugrso

375 1643 478 1701 bitiune
492 1645 578 1715 regni,
592 1646 638 1701 seri
649 1642 755 1714 justitia
770 1660 984 1712 commoremur,
1006 1653 1035 1701 et
1050 1661 1103 1702 non
1117 1654 1172 1702 ter·
1223 1645 1346 1710 debetur,
1360 1646 1460 1718 spretis
1481 1644 1654 1717 juramentis
1668 1644 1776 1711 invasit,
1788 1652 1813 1701 et
1822 1646 1909 1717 periurii
1919 1648 1963 1704 loci·

377 1751 469 1792 rarum
486 1738 573 1808 spatia
586 1738 744 1809 qomrinms,
756 1738 804 1793 sed
815 1753 849 1792 ea
862 1737 954 1794 debito
976 1735 1049 1794 vitiis
1062 1752 1095 1794 ac
1108 1751 1173 1808 pra·
1223 1737 1264 1792 dit
1275 1738 1401 1793 crimuni
1420 1736 1498 1794 Unde
1520 1736 1606 1794 vaide
1627 1723 1772 1804 miramur,
1789 1737 1962 1808 obstupescimus.

375 1831 504 1886 vitatibus
526 1830 733 1901 quibuscunque
758 1827 886 1886 resistere
908 1830 1064 1904 vigilamus.
1087 1829 1173 1902 igitur
1224 1838 1253 1886 et
1265 1829 1403 1896 dolemus,
1429 1836 1460 1885 ut
1481 1826 1670 1886 sivosfldcm
1685 1827 1893 1900 iilipromisistis,
1909 1843 1962 1898 qun

374 1933 406 1980 ιιι
428 1923 537 1979 interim
562 1922 705 1993 perpaucis
728 1922 841 1994 gloriam
863 1931 936 1979 tuam
959 1923 1169 1988 conveniamus,
1185 1903 1537 1993 Bvosnetipsosporrintr,
1561 1929 1592 1977 et
1607 1933 1741 1976 coneum
1754 1918 1961 1991 modoruggereoio,

375 2029 527 2080 monemus,
541 2021 569 2068 ct
583 2013 744 2069 auctoritate
756 2013 905 2086 apostolica
917 2013 1017 2086 quibus
1026 2030 1172 2086 possumus
1221 2012 1302 2069 modo
1324 2012 1389 2067 iilud
1401 2020 1448 2069 aut
1469 2011 1535 2069 iilud
1557 2010 1742 2085 opponendo,
1764 2017 1793 2065 ιιι
1807 2011 1917 2081 resipiscit
1929 2013 1961 2066 cir·

376 2107 464 2163 modis
498 2103 656 2177 spiritaliter
687 2106 850 2175 suademus,
882 2115 1050 2180 paternoque
1075 2105 1172 2163 aflectu
1222 2104 1485 2175 cumvenitiszquin
1499 2104 1594 2176 potius
1608 2103 1690 2161 vobis
1707 2100 1961 2168 memorandarum,

375 2199 567 2271 praecipimus,
599 2209 630 2255 ut
655 2195 712 2269 jam
736 2201 815 2256 tertio
838 2203 956 2258 monitus
976 2203 1010 2258 ab
1033 2200 1172 2256 invasione
1222 2195 1463 2254 tamdetestabiiia
1484 2196 1634 2263 fouendo,
1660 2196 1734 2267 quod
1753 2194 1830 2252 uestri
1848 2193 1961 2251 noricam

376 2289 452 2358 regni
477 2288 608 2360 spiritalis
630 2289 677 2345 dlii
692 2291 777 2346 nostri
796 2289 1023 2348 Christianissirni
1041 2289 1172 2362 principis
1222 2300 1360 2363 parentes,
1375 2291 1526 2363 geliennam
1539 2290 1660 2362 paratis.
1683 2285 1961 2357 Praefatotsiqaidmin

377 2391 403 2436 te
418 2380 525 2450 penitus
538 2379 683 2436 summitas
698 2392 725 2436 et
736 2395 910 2452 compescas,
931 2379 1019 2436 aliena
1034 2395 1089 2435 non
1104 2394 1172 2434 con·
1221 2387 1343 2453 perator,
1359 2391 1467 2439 terrena
1480 2396 1564 2453 regna
1577 2393 1635 2438 non
1648 2380 1780 2445 ambiens,
1800 2391 1841 2450 pro
1853 2374 1959 2433 bordne

376 2474 509 2543 cupiscas,
523 2482 551 2529 et
565 2471 636 2543 quod
657 2471 705 2528 tibi
721 2489 775 2528 non
787 2474 829 2530 vis
840 2472 918 2539 fieri,
945 2471 984 2527 illi
1007 2487 1061 2527 non
1077 2469 1170 2526 facias.
1223 2471 1314 2543 populi
1328 2470 1375 2527 liei
1390 2471 1483 2527 multis
1494 2469 1641 2527 laboribus
1655 2468 1791 2542 fatigatus,
1803 2464 1959 2535 triumphatorio

376 2562 436 2620 Noli
456 2562 536 2633 iustis
551 2564 604 2619 tuis
617 2563 886 2636 competentibusque
907 2563 956 2620 tibi
980 2562 1062 2619 rebus
1075 2563 1173 2634 injuste
1224 2564 1439 2621 sarracenorum
1453 2564 1577 2622 cervices
1592 2562 1690 2637 potius
1704 2576 1808 2626 manus,
1819 2557 1958 2630 maiorm

376 2667 470 2731 captas
483 2658 623 2732 tyrannice
635 2657 751 2724 sociare,
768 2674 801 2713 ne
814 2667 841 2712 et
852 2655 925 2728 juste
938 2671 1079 2729 possessas
1093 2655 1173 2712 amit·
1224 2670 1337 2726 regnum
1357 2669 1437 2710 suom
1458 2654 1599 2712 tollentem
1622 2651 1760 2710 extendit.
1784 2649 1865 2708 lledite
1881 2643 1960 2718 ergoal

377 2739 429 2820 tes,
446 2761 473 2808 et
484 2751 584 2823 injuste
599 2764 729 2822 pervasas
739 2751 813 2823 justo
832 2749 880 2806 liei
898 2749 1000 2822 judicio
1014 2758 1041 2806 te
1055 2749 1173 2805 ambisse
1223 2759 1282 2810 vos,
1296 2744 1483 2812 dilectissimi,
1504 2753 1533 2801 et
1555 2753 1587 2801 ut
1602 2743 1671 2801 olim
1687 2741 1786 2798 foedera
1804 2737 1958 2798 troianum
2014 2777 2015 2786 ι

377 2844 516 2916 paeniteat.
532 2841 587 2898 Nos
601 2843 713 2909 etenim,
726 2841 853 2914 quoniam
868 2842 970 2920 salvum
985 2850 1013 2898 te
1024 2840 1174 2897 consistere
1223 2845 1356 2905 vestrum,
1372 2835 1526 2908 fratresque
1540 2835 1634 2904 iliius,
1659 2850 1724 2893 cum
1743 2827 1959 2905 innocuorum,

378 2937 517 3009 cnpimns,
550 2945 577 2992 et
600 2945 631 2993 ut
648 2936 738 2992 aninru
760 2950 928 3008 corporeque
950 2934 1022 2991 felici
1045 2948 1173 2990 successu
1224 2929 1272 2985 sed
1287 2929 1508 3003 modocorrupta
1521 2930 1733 2994 reformentur,
1756 2918 1959 2984 sineeosstbuliii
2014 2915 2015 2970 ἶ

377 3028 479 3100 polleas
495 3026 663 3095 anhelamus,
679 3027 731 3083 nisi
746 3026 841 3084 saitem
854 3043 927 3084 nune
940 3026 1058 3092 nostris,
1080 3025 1174 3082 aliisve
1225 3022 1358 3079 laborate.
1381 3021 1557 3081 Commouete
1577 3022 1684 3096 jugiter
1710 3019 1783 3078 illum
1802 3015 1865 3089 juxta
1879 3020 1961 3067 renna

379 3119 532 3176 salubribus
552 3119 676 3191 parueris
690 3121 817 3187 monitis,
842 3129 872 3176 ut
886 3120 1000 3193 etprius
1015 3120 1174 3178 inobediens
1225 3113 1421 3180 ministerium,
1445 3122 1474 3171 et
1495 3122 1527 3170 ut
1547 3111 1716 3188 episcopalis
1739 3107 1843 3168 iuvobir
1860 3099 1960 3198 uuordo·
2014 3109 2015 3134 ι

379 3221 479 3267 nostrae
500 3211 617 3284 spiritaii
638 3228 761 3270 censurae
779 3213 951 3280 constiteris,
985 3212 1057 3269 nullo
1076 3222 1172 3284 pacto,
1225 3199 1629 3276 sescalclfflfilisollwlidfw·
1650 3200 1793 3260 mileum
1811 3194 1959 3291 wilm&

379 3299 506 3374 nulloque
530 3301 768 3375 praetermittemus
789 3305 915 3376 ingenio,
934 3305 1096 3378 quominus,
1119 3305 1174 3362 lieo
1187 3272 1212 3341 c
1227 3304 1301 3351 stere
1313 3293 1405 3363 vulfila
1419 3302 1450 3350 ¹¹¹
1465 3293 1541 3369 lesbi
1559 3291 1625 3385 lire
1637 3290 1671 3348 Μ
1694 3306 1724 3348 ⁸0
1737 3303 1788 3346 ¹¹⁰⁰
1799 3278 1959 3382 illlum&

376 3394 503 3465 juvante,
527 3401 621 3467 partes
641 3390 701 3451 ilias
722 3396 880 3467 nosmetipsi
896 3406 1033 3467 petamus,
1057 3405 1086 3453 et
1103 3396 1176 3468 qrrod
1228 3389 1308 3472 sistat
1341 3388 1487 3457 invadere,
1528 3397 1685 3461 opportune
1713 3380 1853 3456 importune
1876 3374 1958 3430 inssilv
2014 3388 2015 3397 ¹

380 3486 466 3542 nostri
487 3493 529 3540 est
549 3484 693 3557 ministerii
708 3486 817 3558 penitus
835 3502 1008 3559 peragamus.
1034 3486 1176 3544 Postremo
1227 3481 1323 3537 Aliena
1337 3497 1392 3538 non
1404 3480 1590 3553 concupiscat,
1616 3476 1706 3535 aliena
1718 3490 1771 3532 nou
1784 3470 1870 3542 rapiat.
1887 3456 1959 3561 elifii

381 3589 545 3647 magnopere
560 3588 783 3641 commonemus,
805 3584 835 3635 ut
848 3576 896 3631 bos
909 3575 1077 3647 apostolatus
1090 3576 1176 3633 nostri
1227 3574 1278 3631 sibi
1292 3590 1345 3632 non
1367 3571 1425 3629 vult
1438 3570 1514 3641 fieri,
1535 3570 1581 3629 aiii
1594 3576 1709 3644 prorsus
1722 3581 1775 3627 non
1791 3563 1869 3619 faeiat
1882 3555 1959 3611 dtuli

380 3666 531 3738 praecipuos
543 3664 652 3731 missos,
665 3662 796 3719 loannem
810 3663 945 3731 videlicet,
958 3672 1039 3734 atque
1052 3664 1175 3731 Petrum,
1228 3676 1322 3722 scatur
1352 3662 1500 3735 Scripturas
1523 3660 1670 3721 dicentis:
1697 3658 1758 3716 Non
1779 3648 1911 3721 concupiuit
1926 3654 1958 3695 un

383 3752 559 3826 wibbodum,
572 3767 600 3814 et
612 3755 757 3827 loannem,
773 3759 937 3815 reverendos
956 3759 1110 3831 episcopos,
1126 3775 1177 3817 nec
1227 3744 1392 3829 proximitui
1407 3755 1507 3828 (duod.
1519 3755 1566 3828 xa)
1580 3773 1588 3825 ;
1603 3765 1633 3813 et
1648 3763 1771 3811 rursum:
1787 3743 1957 3830 centauros

381 3867 434 3907 non
460 3857 488 3906 ct
515 3848 626 3905 Petrum
657 3847 811 3921 religiosum
838 3849 1026 3922 presbyterum
1057 3850 1177 3907 cardinis
1227 3846 1407 3920 queoultisui
1422 3844 1606 3916 famantoobir
1622 3847 1753 3907 dominer,
1775 3831 1956 3895 arenosus·

381 3943 479 4011 nostri,
504 3941 687 4013 dilectumque
708 3941 869 3997 fanriiiarem
885 3951 1018 4009 nostrum,
1034 3958 1084 4014 pro
1098 3943 1175 4015 prin·
1228 3940 1278 3997 cite
1289 3938 1343 3995 iiiia
1357 3938 1465 4011 (lintrin
1480 3936 1541 4012 vn).
1567 3938 1622 3995 Nos
1636 3937 1708 3995 enim
1722 3947 1773 3990 non
1784 3934 1872 3985 mnium
1885 3924 1957 4014 rabili

380 4033 470 4105 cipum
500 4032 683 4103 apostolorum
708 4032 742 4087 ab
762 4031 888 4088 onrrribus
910 4030 1079 4104 praeferenda
1102 4022 1187 4089 reve·¹
1227 4033 1380 4103 cuicunque
1395 4031 1528 4103 augendo,
1540 4045 1624 4102 quam
1637 4022 1768 4101 justitiam
1780 4009 1958 4088 retroiffllfb'su

383 4125 471 4181 rerttia
484 4133 512 4179 ct
524 4137 625 4189 amore,
639 4122 756 4194 benigne
768 4121 913 4191 suscipias,
926 4130 954 4176 et
968 4130 1061 4191 utpote
1074 4137 1090 4177 a
1103 4130 1177 4177 taum
1228 4126 1430 4198 prosequimur,
1451 4132 1479 4181 et
1492 4138 1526 4181 ne
1545 4124 1607 4196 quis
1617 4137 1668 4196 pro
1682 4110 1815 4190 temporali
1829 4113 1913 4177 regnan
1920 4105 1957 4165 ⁹⁸¹

383 4215 447 4271 sede
464 4214 609 4284 digressos,
621 4210 770 4268 honorifice
782 4218 906 4283 receptos
916 4210 1000 4266 colas.
1012 4208 1082 4282 ipsis
1093 4211 1176 4279 enim,
1229 4218 1278 4274 dar
1292 4226 1434 4284 aeternum,
1448 4232 1503 4275 non
1516 4215 1638 4273 indebite
1653 4217 1836 4271 contestamur·
1852 4188 1958 4264 0⁰⁰⁶⁵¹⁶²

382 4290 444 4378 quac
465 4306 563 4377 pagina
586 4302 708 4368 reticuit,
736 4302 786 4359 tibi
808 4301 921 4358 dicenda
942 4299 1130 4372 injunximus:
1151 4311 1179 4357 et
1230 4325 1305 4366 nune
1319 4309 1362 4366 nis
1385 4308 1539 4365 salubribus
1561 4306 1665 4365 nostris
1684 4287 1889 4361 exirortationibus
1904 4282 1956 4341 aque

384 4398 445 4457 ideo
460 4396 592 4470 quidquid
603 4396 767 4453 verbotenus
778 4391 964 4464 exposuerint,
978 4393 1037 4449 sine
1050 4390 1179 4462 scrupulo
1227 4399 1424 4456 mangonibus
1445 4409 1500 4455 ram
1521 4397 1578 4468 jam
1601 4398 1673 4455 sarus
1695 4408 1740 4450 rex
1755 4398 1828 4459 quant
1845 4389 1883 4433 ιιι
1894 4373 1956 4441 ilma

381 4506 496 4561 prorsus
509 4487 640 4544 admitte:
653 4494 681 4542 et
699 4494 729 4540 ut
749 4484 871 4541 efficaces
889 4485 923 4539 ad
946 4499 995 4541 nos
1010 4484 1110 4540 reverti
1133 4498 1179 4537 va·
1228 4490 1465 4560 contornpsoritis3
1489 4490 1587 4547 minore
1607 4490 1671 4563 quia
1686 4482 1756 4542 docti
1774 4459 1953 4557 patemoafodb

384 4581 467 4645 leant,
491 4578 654 4635 omnimodis
672 4576 764 4649 vigila.
788 4574 919 4646 Optamus
932 4575 1046 4647 gloriam
1063 4584 1136 4629 tuam
1149 4571 1177 4627 in
1229 4581 1487 4652 ferventissimoque
1502 4580 1560 4639 reio
1570 4578 1694 4653 justitiae,
1712 4572 1808 4633 station,
1826 4556 1952 4619 Cbrblflil'

384 4655 492 4728 Christo
508 4686 580 4726 norro
601 4677 628 4726 et
645 4683 753 4740 serrrper
769 4667 838 4725 bene
853 4665 953 4723 valere.
969 4662 1036 4721 iiata
1052 4662 1178 4720 vllaleo·
1192 4642 1217 4702 Ῐ)
1230 4673 1298 4740 nce,
1321 4681 1413 4746 panes
1427 4672 1715 4744 itlaspenenranqmus,
1737 4674 1762 4721 or
1774 4662 1799 4717 in
1810 4646 1952 4714 ιοιιιιιιιῑιωε

385 4768 433 4825 das
442 4765 517 4835 lulli,
532 4766 680 4823 indictione
693 4781 734 4821 nr.
1230 4764 1339 4838 dignam
1369 4764 1493 4823 dabimus
1515 4763 1654 4820 ultionem.
1684 4759 1814 4817 Postremo
1839 4735 1951 4833 ΜΨ

740 4900 815 4957 m
1229 4870 1435 4913 corrrmonemus
1459 4863 1489 4912 ot
1510 4856 1560 4912 bos
1574 4852 1737 4927 apostolatus
1757 4836 1831 4900 unsri
1849 4826 1950 4916 wlff&

818 4938 825 4955 '
1230 4962 1340 5014 missos,
1352 4946 1485 5007 loannem
1505 4945 1640 5014 videlicet,
1655 4952 1731 5015 atque
1742 4936 1848 4995 Petrum
1859 4931 1894 4977 Ν

449 5026 484 5072 ιιι
501 5022 641 5072 scissurus
659 5031 685 5071 m
704 5028 791 5072 neone
807 5030 903 5073 canoas
921 5028 1117 5071 consrrruros.
1230 5040 1330 5096 bodun,
1342 5048 1370 5096 e,
1382 5038 1514 5095 goaunem
1525 5030 1830 5103 memndmpgoepns,
1842 5000 1948 5093 otacili?¹

689 5130 785 5202 (dmm
802 5131 883 5202 870.)
1231 5131 1340 5191 Petrum
1353 5131 1508 5202 religiosum
1522 5130 1705 5204 presbyterum
1720 5112 1825 5185 cardinis
1835 5107 1909 5163 nmio»
1923 5085 1947 5140 ⁶¹·

388 5250 421 5309 tir
434 5266 520 5323 repent
537 5255 678 5312 moneant,
702 5255 758 5301 uto
774 5261 853 5317 regno
866 5244 984 5301 botberti
996 5243 1139 5310 olatirreot,
1155 5253 1180 5305 ct
1231 5221 1385 5293 limumque
1403 5229 1525 5279 ⁰⁰⁵²l⁰¹1¹
1539 5221 1707 5285 simillima
1720 5202 1767 5293 lim
1778 5195 1945 5319 ”fiucwwg

581 5320 680 5393 legator
693 5316 966 5391 benignesuscipiens.
1231 5314 1363 5372 stolorum
1394 5314 1428 5371 ab
1458 5315 1584 5373 omnibus
1607 5304 1765 5385 preferenda
1793 5287 1906 5351 ΜΨ

422 5451 736 5524 nonrnnmepiscnprn,
757 5465 852 5507 servus
864 5464 1002 5507 servornm
1017 5448 1076 5517 Dei,
1100 5466 1181 5507 rsre⁴
1232 5422 1337 5512 ³9¹⁰&
1360 5407 1660 5509 b⁰¹¹¹8¹¹⁶⁸J¹⁸⁰¹P¹²l¹Si
1681 5408 1708 5459 0²
1722 5379 1942 5540 wiffam

387 5524 550 5581 certissimis
569 5534 596 5583 et
612 5522 792 5579 sanctissimis
815 5521 999 5579 confratribus
1019 5523 1180 5579 nostrisa„
1233 5500 1385 5572 digressos,
1415 5497 1563 5555 honorilice
1586 5503 1707 5569 receptos
1726 5483 1815 5563 colata.

387 5584 565 5665 eiiiepiseopis
589 5602 617 5648 et
639 5593 773 5664 episcopis
796 5592 823 5649 in
848 5608 931 5665 regno
958 5590 1047 5649 Caroli
1070 5593 1177 5666 gloriosi
1231 5612 1291 5668 quae
1307 5597 1406 5669 pagina
1421 5594 1544 5660 reticuit,
1567 5592 1645 5650 vobis
1663 5561 1906 5648 dicendainjuntidll

389 5664 460 5735 segis
474 5664 640 5720 ⁰⁰⁰⁵m'stls·
1233 5686 1293 5742 idco
1305 5686 1435 5756 quidquid
1448 5683 1612 5739 verbotenus
1626 5669 1790 5752 exposuerint,
1800 5658 1846 5729 llil
1856 5658 1878 5701 ⁵⁰
1911 5718 1939 5772 ὑ

425 5778 516 5847 Nuper
537 5778 703 5848 apostolatus
733 5780 820 5835 nostri
843 5778 935 5835 missis
955 5787 1036 5848 atque
1060 5777 1180 5849 epistolis
1231 5796 1343 5853 prorsus
1358 5776 1508 5844 admitlite,
1529 5784 1557 5833 et
1571 5783 1602 5831 nt
1614 5773 1730 5832 edicaccs
1745 5726 1901 5818 ,gnnmtiffl

391 5871 571 5930 reverentiam
586 5882 706 5931 vestram
723 5873 871 5932 salutiferis
886 5874 1135 5942 exhortationibus,
1151 5880 1181 5930 ut
1232 5873 1322 5945 leant',
1355 5868 1519 5932 omnimodis
1540 5868 1660 5947 vigilate.
1693 5862 1802 5941 optanti
1821 5822 1936 5899 ‘²⁰⁶¹'th
