4167 6625
820 407 1024 466 rnoosntuu
1698 434 1743 490 ,μ

115 543 203 622 piam
220 562 310 614 sunm
327 550 361 615 rit
373 552 618 633 comparandam
635 553 668 617 in
684 569 780 618 usum
793 551 891 633 hujus
907 551 1061 615 editionis
1072 549 1323 634 concederetur
1337 552 1375 616 ab
1390 552 1592 632 bnequidem
1606 569 1745 633 rospon-

117 684 191 733 sum
202 689 322 754 anceps.
334 675 485 744 Attamen
496 682 639 762 codicem
649 683 681 745 S.
693 680 848 745 Germani
860 680 961 745 istum
974 679 1116 745 breviter
1125 677 1307 742 describere
1317 695 1382 740 uon
1396 678 1595 756 omittnm‚ut
1607 678 1661 742 itte
1670 695 1745 748 eum

115 786 151 849 in
167 807 264 853 risum
283 810 380 859 suum
397 803 586 861 convertere
605 798 717 878 possit.
732 795 789 859 Est
803 801 911 859 autem
925 795 1026 859 codex
1043 795 1235 868 membran,
1248 792 1318 867 iob,
1332 793 1460 857 duabus
1472 794 1633 858 columnis
1648 811 1746 858 manu

115 909 219 971 seculi
233 912 309 973 xlii
324 920 485 1008 exaratus,
502 915 536 977 in
548 915 612 980 iine
628 913 777 978 mutilus.
796 913 928 977 Constat
941 912 1030 977 iuliis
1047 915 1116 988 125,
1128 913 1249 996 quibus
1271 913 1355 976 voris
1366 913 1530 991 leguntur.
1547 913 1616 975 Fal.
1641 914 1692 988 31,
1710 917 1747 976 t·
1826 939 1835 964 ·

183 997 383 1020 'husun-“¹¹¹¹-

114 1027 309 1101 obuersus
336 1033 447 1098 libert
470 1036 511 1099 de
533 1035 696 1100 divisione
725 1037 863 1100 Naturae
891 1049 994 1114 usque
1024 1034 1064 1097 ad
1091 1050 1160 1115 cap.
1179 1034 1231 1106 32,
1257 1032 1291 1095 in
1321 1033 1413 1113 cujus
1443 1032 1505 1095 true
1530 1030 1745 1109 fragmentum

116 1147 251 1210 verbis:
271 1149 380 1213 Omnis
394 1149 548 1233 siquidem
569 1160 687 1215 natm
709 1171 764 1214 seu
791 1151 994 1214 essentiarum
1015 1170 1070 1214 seu
1094 1149 1303 1213 candentium
1325 1149 1535 1246 immutabiliq
1554 1158 1597 1210 est
1623 1150 1745 1212 sinitur.

113 1266 211 1340 Quod
226 1268 291 1332 iam
308 1270 423 1344 tribus,
439 1287 521 1353 quos
537 1288 633 1353 snpra
647 1275 663 1349 t
679 1273 715 1335 tt
737 1270 879 1344 laudari,
898 1270 1063 1334 codicibus
1079 1270 1269 1334 examinatis
1304 1269 1444 1349 neglexi.
1472 1270 1541 1333 Fot.
1566 1270 1747 1346 tut-stou

112 1391 225 1450 extant
250 1388 478 1458 denotationes
502 1393 537 1453 in
557 1393 771 1466 Marcianum,
788 1407 870 1472 quas
891 1391 1026 1454 loannis
1042 1391 1129 1453 Scoti
1152 1407 1225 1453 esse
1250 1391 1409 1467 suspicor.
1428 1390 1618 1470 incipiunt:
1643 1391 1748 1472 itaquo

110 1509 404 1592 fabulmauctorem
416 1512 612 1577 Martianum
622 1514 828 1594 comperimus
841 1512 941 1593 [uisse
957 1511 1242 1591 Carthaginiensem
1257 1531 1376 1592 penne,
1387 1531 1441 1574 nec
1454 1529 1518 1574 nan
1531 1519 1560 1573 et
1573 1512 1747 1573 Romanum

114 1629 223 1704 ciuem,
233 1629 354 1692 undeet
369 1630 481 1693 latiari
493 1634 561 1695 ritu
580 1642 783 1706 tetronomos,
793 1631 851 1693 lter
866 1637 923 1704 est,
941 1638 1093 1712 quattuor
1106 1630 1285 1693 nominibus
1296 1634 1477 1696 nominatus
1491 1640 1545 1707 est,
1564 1632 1746 1695 Martianus

111 1763 239 1840 quippe,
255 1747 391 1822 Mineus,
409 1747 504 1810 Felix
520 1756 548 1812 st
564 1748 691 1831 Capella
704 1757 845 1813 uocatus.
873 1748 1055 1812 Martianus
1070 1748 1194 1829 quidem
1212 1743 1348 1831 proprio
1370 1758 1513 1827 nomine:
1530 1757 1655 1820 Mineus
1669 1775 1742 1823 asro

109 1872 284 1947 escalon,
300 1880 338 1935 ut
352 1872 460 1946 aiunt,
474 1871 550 1954 quio
564 1873 658 1954 rusus
674 1878 758 1940 erat‚·
773 1870 867 1933 Felin
882 1870 1048 1948 noctuas,
1069 1871 1245 1951 solicitante
1263 1873 1350 1935 aicit
1364 1893 1477 1948 necne,-
1495 1875 1632 1956 Capella
1646 1883 1750 1940 autem

116 1991 192 2070 quio
208 1991 254 2058 tic
272 1991 422 2073 maedam
436 1996 557 2069 satura,
580 1988 645 2051 sine
666 1989 782 2051 nutris
805 1989 871 2069 ejus
893 1989 959 2051 sine
977 1989 1176 2054 admonitria
1189 1993 1300 2073 suerit,
1317 1995 1385 2056 suis
1408 1996 1537 2076 scriptis
1558 2014 1630 2058 narn
1641 2003 1750 2077 aperte

111 2120 217 2192 patet,
235 2134 303 2178 eum
326 2115 500 2178 nantoactt
524 2121 586 2178 cet.
618 2116 687 2179 Ful.
704 2119 756 2189 b't,
783 2118 804 2176 2
827 2115 947 2193 legitur
961 2137 969 2174 s
984 2117 1106 2194 lncs'pit
1134 2120 1292 2196 expositio
1313 2118 1441 2185 secundi
1464 2115 1541 2178 titre·
1563 2115 1749 2195 nuptiarum

109 2229 310 2311 Plsilalaqias
332 2237 361 2295 et
376 2229 548 2298 Mercuriir
570 2229 627 2294 iol.
642 2232 729 2305 SM
751 2230 842 2293 Finit
858 2228 895 2292 de
910 2231 1085 2300 rethorica:
1112 2230 1169 2295 lui.
1186 2233 1237 2307 90,
1257 2236 1277 2295 2
1299 2236 1464 2315 Incipiunt
1491 2236 1565 2296 baec
1579 2252 1686 2313 pauca
1713 2233 1748 2295 in

108 2356 267 2420 liarttani
291 2358 507 2438 geometriam:
527 2358 584 2425 sol.
603 2364 655 2437 tit,
668 2363 689 2424 2
704 2361 792 2424 Finit
808 2353 845 2422 de
858 2361 1052 2440 peametria:
1068 2361 1182 2441 incipit
1204 2360 1241 2423 de
1265 2364 1483 2435 arithmeticae
1500 2362 1557 2428 tot.
1575 2361 1679 2437 107st
1701 2364 1743 2425 ln

107 2488 261 2550 musianus
286 2485 445 2548 Martiani
466 2486 540 2551 baec
563 2506 680 2569 pauca.
705 2488 883 2553 Finiuutur
907 2490 1133 2553 commentarii
1161 2471 1747 2568 totl115,unisverbis:neeertaa

110 2618 136 2680 i.
158 2638 184 2681 e.
212 2622 413 2694 decertatum.
442 2622 914 2705 praeministratam,
941 2623 1151 2703 lupariarum
1175 2623 1198 2687 i.
1219 2645 1244 2687 e,
1270 2624 1307 2686 tls
1329 2625 1466 2707 luparia
1489 2623 1657 2707 prouincia
1676 2622 1743 2703 tait

110 2743 303 2814 Martianus.
317 2752 498 2819 Marsicam
513 2775 537 2818 s.
557 2775 583 2817 e.
599 2756 771 2835 antiquam.
784 2753 960 2829 Veternum,
976 2753 1153 2834 antiquum.
1169 2753 1317 2834 Explicit
1336 2756 1407 2817 item
1425 2754 1538 2818 Glossn
1549 2751 1589 2814 ale
1607 2750 1743 2814 Musica.

109 2889 170 2956 θη)
181 2907 275 2962 nanu.
295 2882 386 2958 Quae
400 2902 506 2966 usque
522 2885 562 2948 ad
577 2884 671 2947 tinem
689 2879 810 2947 codicis
828 2888 1021 2962 sequuntur,
1036 2882 1099 2945 ntia
1117 2882 1349 2960 manuscripta
1367 2887 1452 2944 sunt.

928 2985 952 3019 ,⁸
1071 2989 1074 2994 ,

893 3059 953 3145 iii

292 3246 479 3318 nevira
502 3251 556 3320 ET
578 3249 787 3322 SCRIPTIS
808 3251 1001 3322 lOANNtS
1020 3251 1155 3321 scoti
1174 3248 1557 3319 obscurationes

148 3402 226 3480 tit.
254 3400 293 3463 lit
306 3398 347 3463 de
360 3399 540 3472 codicibus,
554 3399 673 3479 quibus
688 3399 721 3462 iu
738 3399 876 3479 paranda
893 3398 951 3464 hnc
967 3399 1112 3464 editione
1137 3400 1187 3462 usi
1214 3415 1342 3469 sumus,
1362 3399 1528 3462 hactenus.
1550 3401 1670 3473 Restat,
1693 3409 1738 3475 ,ut

102 3524 265 3595 nonnulla
279 3523 320 3586 dc
334 3521 398 3586 rita
415 3524 446 3585 et
463 3516 592 3598 scriptis
604 3515 738 3579 loannis
752 3516 835 3580 scoti
847 3532 1062 3598 exponamus,
1078 3516 1111 3580 in
1128 3517 1277 3599 quibust
1296 3518 1449 3597 scriptore
1461 3520 1744 3582 commentationis

103 3649 190 3713 inira
205 3647 384 3727 impressae
398 3640 492 3706 nobis
508 3635 766 3702 dissentiendum
783 3640 841 3699 est.

143 3773 194 3835 Aa
204 3768 344 3851 primum
358 3763 491 3848 quidem
507 3761 540 3824 iu
555 3758 746 3840 explicando
760 3756 917 3839 Erigonae
933 3762 1078 3837 nomine,
1094 3770 1255 3845 quotquot
1272 3763 1441 3844 bucusque
1455 3763 1495 3829 de
1510 3765 1633 3828 toannc
1650 3767 1744 3833 Scato

103 3890 326 3971 scripserunt,
342 3882 429 3949 haud
447 3883 562 3948 leviter
591 3887 790 3946 erraverunt.
808 3880 920 3961 Neque
948 3881 978 3942 id
1002 3883 1136 3956 mirum,
1165 3902 1266 3964 quarn
1297 3884 1435 3964 Ertqena
1452 3885 1643 3951 vocabulum
1662 3888 1743 3952 nibil

101 4006 172 4073 atsi
188 4003 325 4085 genuini
342 4000 487 4065 nominis
504 4000 674 4079 lerupenae
687 3997 873 4079 depravatio
891 3997 945 4074 sit,
961 4006 1033 4061 nata
1052 3998 1118 4075 itta,
1136 4008 1171 4063 ut
1185 4003 1313 4081 opinor,
1333 4005 1444 4072 seculo
1460 4007 1589 4074 demum
1615 4013 1686 4075 XV.
1707 4016 1743 4079 ld

104 4121 197 4204 qnod
212 4121 357 4185 codicum
372 4119 433 4183 tide
450 4117 546 4184 tacite
563 4120 719 4199 probatur

146 4242 307 4307 Omnibus
323 4224 421 4313 euim,
436 4238 495 4321 qui
511 4243 699 4319 supersunt,
714 4235 849 4299 loannis
865 4235 949 4300 Senti
964 4238 1095 4321 scriptis
1114 4241 1147 4303 in
1164 4244 1331 4311 codicibus
1348 4253 1456 4317 saturn
1474 4273 1593 4323 nomen
1608 4260 1743 4324 loannis

99 4364 195 4430 Sati
211 4361 387 4445 praefigam
400 4368 461 4426 ost.
477 4360 529 4424 Sic
546 4360 581 4423 in
595 4358 844 4449 Erpositionum
868 4358 1016 4422 coelestis
1035 4361 1216 4428 ierarchiae
1240 4369 1407 4437 codicibus
1424 4376 1562 4457 legitur:
1577 4382 1742 4462 Incipiunt

98 4482 319 4566 eaposdianes
335 4481 471 4543 loomin
484 4479 585 4554 Sesti,
601 4479 635 4543 in
657 4477 771 4541 codice
785 4475 1031 4559 Expositionum
1057 4480 1210 4560 mysticae
1227 4483 1429 4565 theologiae:
1450 4490 1571 4573 Incipit
1585 4496 1741 4579 prolapus

98 4606 237 4671 Ioannis
263 4603 352 4669 Senti
366 4607 427 4668 cet.
457 4613 569 4663 corsus
597 4592 722 4659 codicis
748 4593 893 4659 Vaticani
911 4593 1135 4661 inscribuntur
1158 4598 1292 4662 loannis
1307 4616 1457 4680 causer,
1485 4621 1598 4676 versus
1620 4616 1740 4680 codicis

99 4720 377 4800 cantabrigiensis
395 4731 514 4782 nornen
529 4730 605 4795 prae
620 4729 656 4775 se
672 4709 780 4775 ierunt
797 4709 932 4773 loannis
951 4711 1059 4788 scoti,
1074 4711 1210 4776 homilia
1231 4714 1421 4790 inscribitur
1437 4749 1445 4788 ε
1463 4729 1592 4795 inmitia
1606 4736 1741 4801 loannis

97 4845 199 4909 Senti.
230 4845 268 4909 in
305 4843 376 4911 sota
404 4841 554 4907 versione
588 4855 722 4921 operum
749 4836 1046 4917 Pseudo-Dionysii
1073 4841 1287 4922 Areopagitae
1322 4861 1380 4923 pro
1404 4844 1493 4907 Senti
1516 4847 1604 4912 atiud
1637 4860 1740 4918 eistat

100 4984 300 5052 cognomen,
326 4983 390 5035 non
417 4964 549 5047 quidem
566 4965 720 5045 Eripeno,
741 4962 799 5027 sed
825 4961 1096 5042 innocentiana
1119 4966 1206 5030 enirn
1236 4968 1318 5051 tegis
1343 4972 1376 5034 in
1396 4975 1639 5055 vetustissimis,
1655 4997 1739 5063 quos

99 5092 298 5163 esurimus,
322 5086 503 5160 codicibus,
531 5081 717 5148 Monacensi
733 5079 894 5151 Otlilonis,
919 5089 953 5145 et
978 5081 1106 5149 duobus
1129 5087 1435 5156 i'indobooensibus
1452 5116 1460 5155 ε
1480 5094 1645 5177 Incipiunt
1663 5098 1740 5162 libri

99 5220 203 5291 uncte
231 5206 380 5290 Dionysii
407 5207 626 5289 Areopaqitae,
654 5223 731 5287 quas
766 5204 904 5267 loannes
931 5206 1084 5288 leruqena
1112 5212 1277 5276 transtulit
1304 5213 1341 5276 tle
1367 5214 1484 5278 Graeco
1516 5234 1550 5278 sn
1579 5218 1737 5283 Latinum.

100 5332 224 5399 Pariter
246 5331 348 5401 audax
372 5324 668 5394 Fiirstenietdensis
694 5323 881 5401 Monacbii,
905 5343 1046 5393 necnon
1070 5328 1166 5395 ambo
1181 5334 1325 5399 Vaticani
1350 5336 1470 5403 babent
1486 5338 1651 5421 Ieruqena.
1671 5343 1739 5409 Soli

100 5454 231 5521 codices
246 5453 454 5521 Ftorentiuus
469 5456 499 5515 et
514 5446 787 5514 uarmstadiensis
802 5444 922 5513 habent
935 5450 1107 5532 Eriuqena,
1203 5478 1206 5485 ·
1437 5450 1443 5459 '

138 5574 351 5659 Quanquam
371 5575 416 5640 ita
430 5572 587 5654 sint,jam
610 5572 790 5655 quaeritur,
816 5571 973 5654 quidnam
992 5575 1053 5639 hol
1084 5593 1265 5658 cognomen
1283 5559 1436 5670 lacaena
1452 5590 1622 5671 significet.
1641 5584 1735 5669 naor
1784 5650 1791 5665 ,

99 5697 187 5767 baud
205 5700 275 5765 scio
298 5716 339 5765 an
355 5715 420 5764 non
436 5703 481 5771 sit
493 5701 623 5768 diitiaiie
648 5700 687 5767 ad
715 5702 962 5769 inveniendum.
992 5702 1216 5790 compositum
1246 5720 1295 5779 cst
1314 5718 1399 5779 enim
1425 5734 1464 5781 er
1489 5717 1589 5801 Ἱεροῦ,
1614 5721 1739 5786 scilicet

99 5827 197 5895 νόσου,
210 5826 241 5885 et
256 5837 344 5901 qena,
362 5823 403 5888 ita
419 5830 454 5886 ut
472 5824 512 5887 sit
527 5822 741 5909 oriuntus'en
757 5823 861 5885 insula
887 5833 1077 5890 sanctorum.
1102 5831 1174 5906 Quo
1199 5836 1331 5901 nominc
1346 5841 1541 5909 annullatum
1560 5820 1639 5911 ⁸esso
1669 5849 1737 5913 anti
