<?xml version="1.0" encoding="UTF-8"?>
<!DOCTYPE html PUBLIC "-//W3C//DTD XHTML 1.0 Transitional//EN"
    "http://www.w3.org/TR/xhtml1/DTD/xhtml1-transitional.dtd">
<html xmlns="http://www.w3.org/1999/xhtml" xml:lang="en" lang="en">
 <head>
  <title>
</title>
<meta http-equiv="Content-Type" content="text/html;charset=utf-8" />
  <meta name='ocr-system' content='tesseract 3.04.00' />
  <meta name='ocr-capabilities' content='ocr_page ocr_carea ocr_par ocr_line ocrx_word'/>
</head>
<body>
  <div class='ocr_page' id='page_1' title='image "./operaquaesupers01flosgoog_0037.png"; bbox 0 0 4167 6625; ppageno 0'>
   <div class='ocr_carea' id='block_1_1' title="bbox 841 383 1758 468">
    <p class='ocr_par' dir='ltr' id='par_1_1' title="bbox 841 383 1758 468">
     <span class='ocr_line' id='line_1_1' title="bbox 841 383 1758 468; baseline -0.001 -26"><span class='ocrx_word' id='word_1_1' title='bbox 841 383 1056 468; x_wconf 78' lang='lat' dir='ltr'><strong><em>onooanuu</em></strong></span> <span class='ocrx_word' id='word_1_2' title='bbox 1703 395 1758 442; x_wconf 77' lang='lat' dir='ltr'><strong><em>m</em></strong></span> 
     </span>
    </p>
   </div>
   <div class='ocr_carea' id='block_1_2' title="bbox 127 495 1764 1522">
    <p class='ocr_par' dir='ltr' id='par_1_2' title="bbox 127 495 1764 1522">
     <span class='ocr_line' id='line_1_2' title="bbox 128 495 1761 604; baseline -0.003 -20"><span class='ocrx_word' id='word_1_3' title='bbox 128 495 256 598; x_wconf 65' lang='lat' dir='ltr'><strong><em>Scalas,</em></strong></span> <span class='ocrx_word' id='word_1_4' title='bbox 277 520 328 584; x_wconf 90' lang='lat' dir='ltr'><strong><em>oir</em></strong></span> <span class='ocrx_word' id='word_1_5' title='bbox 344 520 535 602; x_wconf 85' lang='lat' dir='ltr'><strong><em>perspicacis</em></strong></span> <span class='ocrx_word' id='word_1_6' title='bbox 559 513 677 598; x_wconf 72' lang='lat' dir='ltr'><strong><em>incensi</em></strong></span> <span class='ocrx_word' id='word_1_7' title='bbox 697 526 726 581; x_wconf 92' lang='lat' dir='ltr'><strong><em>et</em></strong></span> <span class='ocrx_word' id='word_1_8' title='bbox 747 517 881 580; x_wconf 86' lang='lat' dir='ltr'><strong><em>mellitae</em></strong></span> <span class='ocrx_word' id='word_1_9' title='bbox 903 513 1078 585; x_wconf 72' lang='lat' dir='ltr'><strong><em>{mundius</em></strong></span> <span class='ocrx_word' id='word_1_10' title='bbox 1103 516 1167 594; x_wconf 87' lang='lat' dir='ltr'><strong><em>Qui</em></strong></span> <span class='ocrx_word' id='word_1_11' title='bbox 1192 511 1310 578; x_wconf 89' lang='lat' dir='ltr'><strong><em>dudum</em></strong></span> <span class='ocrx_word' id='word_1_12' title='bbox 1335 513 1596 604; x_wconf 79' lang='lat' dir='ltr'><strong><em>concrepantibus</em></strong></span> <span class='ocrx_word' id='word_1_13' title='bbox 1622 511 1761 595; x_wconf 78' lang='lat' dir='ltr'><strong><em>undique</em></strong></span> 
     </span>
     <span class='ocr_line' id='line_1_3' title="bbox 129 621 1762 729; baseline -0.001 -22"><span class='ocrx_word' id='word_1_14' title='bbox 129 643 283 709; x_wconf 78' lang='lat' dir='ltr'><strong><em>bellorum</em></strong></span> <span class='ocrx_word' id='word_1_15' title='bbox 305 647 488 729; x_wconf 77' lang='lat' dir='ltr'><strong><em>[raporilus</em></strong></span> <span class='ocrx_word' id='word_1_16' title='bbox 510 649 545 710; x_wconf 93' lang='lat' dir='ltr'><strong><em>in</em></strong></span> <span class='ocrx_word' id='word_1_17' title='bbox 566 647 733 711; x_wconf 85' lang='lat' dir='ltr'><strong><em>Franciam</em></strong></span> <span class='ocrx_word' id='word_1_18' title='bbox 751 645 793 708; x_wconf 91' lang='lat' dir='ltr'><strong><em>ad</em></strong></span> <span class='ocrx_word' id='word_1_19' title='bbox 809 646 958 710; x_wconf 74' lang='lat' dir='ltr'><strong><em>corolum</em></strong></span> <span class='ocrx_word' id='word_1_20' title='bbox 976 645 1106 709; x_wconf 82' lang='lat' dir='ltr'><strong><em>Caluum</em></strong></span> <span class='ocrx_word' id='word_1_21' title='bbox 1123 651 1303 708; x_wconf 77' lang='lat' dir='ltr'><strong><em>transierat.</em></strong></span> <span class='ocrx_word' id='word_1_22' title='bbox 1313 645 1419 725; x_wconf 65' lang='lat' dir='ltr'><strong><em>Bajas</em></strong></span> <span class='ocrx_word' id='word_1_23' title='bbox 1436 654 1553 725; x_wconf 79' lang='lat' dir='ltr'><strong><em>ropatu</em></strong></span> <span class='ocrx_word' id='word_1_24' title='bbox 1569 621 1762 706; x_wconf 85' lang='lat' dir='ltr'><strong><em>leroreliiam</em></strong></span> 
     </span>
     <span class='ocr_line' id='line_1_4' title="bbox 127 759 1761 857; baseline -0.002 -22"><span class='ocrx_word' id='word_1_25' title='bbox 127 772 278 853; x_wconf 72' lang='lat' dir='ltr'><strong><em>Dionysii</em></strong></span> <span class='ocrx_word' id='word_1_26' title='bbox 295 775 502 857; x_wconf 77' lang='lat' dir='ltr'><strong><em>Areopapiloe</em></strong></span> <span class='ocrx_word' id='word_1_27' title='bbox 521 774 559 838; x_wconf 89' lang='lat' dir='ltr'><strong><em>de</em></strong></span> <span class='ocrx_word' id='word_1_28' title='bbox 584 774 703 840; x_wconf 82' lang='lat' dir='ltr'><strong><em>Graeco</em></strong></span> <span class='ocrx_word' id='word_1_29' title='bbox 730 776 765 839; x_wconf 88' lang='lat' dir='ltr'><strong><em>in</em></strong></span> <span class='ocrx_word' id='word_1_30' title='bbox 791 774 939 839; x_wconf 76' lang='lat' dir='ltr'><strong><em>Batinum</em></strong></span> <span class='ocrx_word' id='word_1_31' title='bbox 965 759 1092 836; x_wconf 82' lang='lat' dir='ltr'><strong><em>nerium</em></strong></span> <span class='ocrx_word' id='word_1_32' title='bbox 1114 793 1129 838; x_wconf 87' lang='lat' dir='ltr'><strong><em>e</em></strong></span> <span class='ocrx_word' id='word_1_33' title='bbox 1153 773 1245 837; x_wconf 82' lang='lat' dir='ltr'><strong><em>aerio</em></strong></span> <span class='ocrx_word' id='word_1_34' title='bbox 1265 771 1443 835; x_wconf 68' lang='lat' dir='ltr'><strong><em>transtulit.</em></strong></span> <span class='ocrx_word' id='word_1_35' title='bbox 1468 770 1651 854; x_wconf 83' lang='lat' dir='ltr'><strong><em>Composuit</em></strong></span> <span class='ocrx_word' id='word_1_36' title='bbox 1669 778 1761 834; x_wconf 78' lang='lat' dir='ltr'><strong><em>etlam</em></strong></span> 
     </span>
     <span class='ocr_line' id='line_1_5' title="bbox 130 897 1762 984; baseline 0 -24"><span class='ocrx_word' id='word_1_37' title='bbox 130 897 260 977; x_wconf 78' lang='lat' dir='ltr'><strong><em>librum,</em></strong></span> <span class='ocrx_word' id='word_1_38' title='bbox 277 903 363 983; x_wconf 78' lang='lat' dir='ltr'><strong><em>quod</em></strong></span> <span class='ocrx_word' id='word_1_39' title='bbox 371 904 443 984; x_wconf 90' lang='lat' dir='ltr'><strong><em>peri</em></strong></span> <span class='ocrx_word' id='word_1_40' title='bbox 458 903 551 984; x_wconf 75' lang='lat' dir='ltr'><strong><em>fision</em></strong></span> <span class='ocrx_word' id='word_1_41' title='bbox 564 905 721 982; x_wconf 83' lang='lat' dir='ltr'><strong><em>merismu,</em></strong></span> <span class='ocrx_word' id='word_1_42' title='bbox 737 903 831 968; x_wconf 90' lang='lat' dir='ltr'><strong><em>idest</em></strong></span> <span class='ocrx_word' id='word_1_43' title='bbox 848 948 857 981; x_wconf 87' lang='lat'><strong><em>‚</em></strong></span> <span class='ocrx_word' id='word_1_44' title='bbox 874 904 910 967; x_wconf 91' lang='lat' dir='ltr'><strong><em>de</em></strong></span> <span class='ocrx_word' id='word_1_45' title='bbox 925 905 1065 969; x_wconf 77' lang='lat' dir='ltr'><strong><em>Naturae</em></strong></span> <span class='ocrx_word' id='word_1_46' title='bbox 1081 903 1235 967; x_wconf 84' lang='lat' dir='ltr'><strong><em>diuisione</em></strong></span> <span class='ocrx_word' id='word_1_47' title='bbox 1251 901 1403 977; x_wconf 88' lang='lat' dir='ltr'><strong><em>titulaoil,</em></strong></span> <span class='ocrx_word' id='word_1_48' title='bbox 1418 909 1553 982; x_wconf 89' lang='lat' dir='ltr'><strong><em>propter</em></strong></span> <span class='ocrx_word' id='word_1_49' title='bbox 1568 900 1762 982; x_wconf 70' lang='lat' dir='ltr'><strong><em>quaestiones</em></strong></span> 
     </span>
     <span class='ocr_line' id='line_1_6' title="bbox 129 1019 1763 1116; baseline 0.006 -36"><span class='ocrx_word' id='word_1_50' title='bbox 129 1019 295 1087; x_wconf 78' lang='lat' dir='ltr'><strong><em>solvendas</em></strong></span> <span class='ocrx_word' id='word_1_51' title='bbox 315 1026 520 1110; x_wconf 68' lang='lat' dir='ltr'><strong><em>tenentium,</em></strong></span> <span class='ocrx_word' id='word_1_52' title='bbox 537 1034 725 1098; x_wconf 88' lang='lat' dir='ltr'><strong><em>sitamenei</em></strong></span> <span class='ocrx_word' id='word_1_53' title='bbox 742 1036 775 1100; x_wconf 90' lang='lat' dir='ltr'><strong><em>in</em></strong></span> <span class='ocrx_word' id='word_1_54' title='bbox 791 1034 950 1116; x_wconf 80' lang='lat' dir='ltr'><strong><em>aliquibus</em></strong></span> <span class='ocrx_word' id='word_1_55' title='bbox 968 1035 1162 1115; x_wconf 69' lang='lat' dir='ltr'><strong><em>innascatur,</em></strong></span> <span class='ocrx_word' id='word_1_56' title='bbox 1191 1035 1227 1096; x_wconf 90' lang='lat' dir='ltr'><strong><em>in</em></strong></span> <span class='ocrx_word' id='word_1_57' title='bbox 1249 1032 1362 1115; x_wconf 79' lang='lat' dir='ltr'><strong><em>quitus</em></strong></span> <span class='ocrx_word' id='word_1_58' title='bbox 1385 1049 1406 1092; x_wconf 92' lang='lat' dir='ltr'><strong><em>o</em></strong></span> <span class='ocrx_word' id='word_1_59' title='bbox 1427 1030 1614 1094; x_wconf 83' lang='lat' dir='ltr'><strong><em>Latinorum</em></strong></span> <span class='ocrx_word' id='word_1_60' title='bbox 1637 1028 1763 1091; x_wconf 86' lang='lat' dir='ltr'><strong><em>tramite</em></strong></span> 
     </span>
     <span class='ocr_line' id='line_1_7' title="bbox 131 1149 1764 1233; baseline 0 -17"><span class='ocrx_word' id='word_1_61' title='bbox 131 1149 280 1233; x_wconf 73' lang='lat' dir='ltr'><strong><em>dwiaril,</em></strong></span> <span class='ocrx_word' id='word_1_62' title='bbox 307 1158 379 1223; x_wconf 89' lang='lat' dir='ltr'><strong><em>dum</em></strong></span> <span class='ocrx_word' id='word_1_63' title='bbox 402 1163 437 1226; x_wconf 88' lang='lat' dir='ltr'><strong><em>iu</em></strong></span> <span class='ocrx_word' id='word_1_64' title='bbox 459 1165 594 1230; x_wconf 83' lang='lat' dir='ltr'><strong><em>Graecos</em></strong></span> <span class='ocrx_word' id='word_1_65' title='bbox 617 1169 734 1231; x_wconf 88' lang='lat' dir='ltr'><strong><em>aeriter</em></strong></span> <span class='ocrx_word' id='word_1_66' title='bbox 755 1165 862 1229; x_wconf 89' lang='lat' dir='ltr'><strong><em>oculos</em></strong></span> <span class='ocrx_word' id='word_1_67' title='bbox 897 1165 1042 1229; x_wconf 87' lang='lat' dir='ltr'><strong><em>intendit.</em></strong></span> <span class='ocrx_word' id='word_1_68' title='bbox 1070 1164 1133 1229; x_wconf 83' lang='lat' dir='ltr'><strong><em>Hic</em></strong></span> <span class='ocrx_word' id='word_1_69' title='bbox 1159 1162 1392 1226; x_wconf 79' lang='lat' dir='ltr'><strong><em>succedentibus</em></strong></span> <span class='ocrx_word' id='word_1_70' title='bbox 1431 1160 1522 1223; x_wconf 90' lang='lat' dir='ltr'><strong><em>annis</em></strong></span> <span class='ocrx_word' id='word_1_71' title='bbox 1550 1154 1764 1233; x_wconf 65' lang='lat' dir='ltr'><strong><em>munificentia</em></strong></span> 
     </span>
     <span class='ocr_line' id='line_1_8' title="bbox 128 1281 1763 1377; baseline 0.002 -34"><span class='ocrx_word' id='word_1_72' title='bbox 128 1281 259 1363; x_wconf 75' lang='lat' dir='ltr'><strong><em>Alfredi</em></strong></span> <span class='ocrx_word' id='word_1_73' title='bbox 280 1287 411 1353; x_wconf 86' lang='lat' dir='ltr'><strong><em>allectus</em></strong></span> <span class='ocrx_word' id='word_1_74' title='bbox 425 1294 508 1355; x_wconf 86' lang='lat' dir='ltr'><strong><em>senil</em></strong></span> <span class='ocrx_word' id='word_1_75' title='bbox 523 1294 557 1358; x_wconf 90' lang='lat' dir='ltr'><strong><em>in</em></strong></span> <span class='ocrx_word' id='word_1_76' title='bbox 573 1295 730 1376; x_wconf 71' lang='lat' dir='ltr'><strong><em>Amulium,</em></strong></span> <span class='ocrx_word' id='word_1_77' title='bbox 748 1302 776 1358; x_wconf 93' lang='lat' dir='ltr'><strong><em>et</em></strong></span> <span class='ocrx_word' id='word_1_78' title='bbox 790 1294 878 1377; x_wconf 91' lang='lat' dir='ltr'><strong><em>opud</em></strong></span> <span class='ocrx_word' id='word_1_79' title='bbox 891 1293 1113 1356; x_wconf 84' lang='lat' dir='ltr'><strong><em>monasterium</em></strong></span> <span class='ocrx_word' id='word_1_80' title='bbox 1128 1291 1395 1356; x_wconf 81' lang='lat' dir='ltr'><strong><em>Malmesoerienss</em></strong></span> <span class='ocrx_word' id='word_1_81' title='bbox 1409 1311 1430 1354; x_wconf 95' lang='lat' dir='ltr'><strong><em>a</em></strong></span> <span class='ocrx_word' id='word_1_82' title='bbox 1438 1289 1561 1372; x_wconf 89' lang='lat' dir='ltr'><strong><em>pueris,</em></strong></span> <span class='ocrx_word' id='word_1_83' title='bbox 1579 1304 1656 1369; x_wconf 80' lang='lat' dir='ltr'><strong><em>quas</em></strong></span> <span class='ocrx_word' id='word_1_84' title='bbox 1672 1284 1763 1347; x_wconf 90' lang='lat' dir='ltr'><strong><em>doce·</em></strong></span> 
     </span>
     <span class='ocr_line' id='line_1_9' title="bbox 127 1410 1723 1522; baseline -0.004 -38"><span class='ocrx_word' id='word_1_85' title='bbox 127 1410 196 1492; x_wconf 71' lang='lat'><strong><em>⁶⁰8,</em></strong></span> <span class='ocrx_word' id='word_1_86' title='bbox 208 1416 365 1498; x_wconf 66' lang='lat' dir='ltr'><strong><em>mapliis,</em></strong></span> <span class='ocrx_word' id='word_1_87' title='bbox 379 1429 415 1484; x_wconf 88' lang='lat' dir='ltr'><strong><em>ut</em></strong></span> <span class='ocrx_word' id='word_1_88' title='bbox 433 1423 545 1519; x_wconf 74' lang='lat' dir='ltr'><strong><em>tertam,</em></strong></span> <span class='ocrx_word' id='word_1_89' title='bbox 557 1427 752 1507; x_wconf 70' lang='lat' dir='ltr'><strong><em>perforatus,</em></strong></span> <span class='ocrx_word' id='word_1_90' title='bbox 768 1435 797 1486; x_wconf 92' lang='lat' dir='ltr'><strong><em>et</em></strong></span> <span class='ocrx_word' id='word_1_91' title='bbox 810 1432 931 1505; x_wconf 75' lang='lat' dir='ltr'><strong><em>martyr</em></strong></span> <span class='ocrx_word' id='word_1_92' title='bbox 951 1424 1131 1486; x_wconf 90' lang='lat' dir='ltr'><strong><em>aestimatus</em></strong></span> <span class='ocrx_word' id='word_1_93' title='bbox 1149 1427 1204 1485; x_wconf 89' lang='lat' dir='ltr'><strong><em>cst.</em></strong></span> <span class='ocrx_word' id='word_1_94' title='bbox 1222 1421 1329 1518; x_wconf 74' lang='lat' dir='ltr'><strong><em>Huius</em></strong></span> <span class='ocrx_word' id='word_1_95' title='bbox 1348 1419 1542 1501; x_wconf 72' lang='lat' dir='ltr'><strong><em>epitaphium</em></strong></span> <span class='ocrx_word' id='word_1_96' title='bbox 1557 1416 1615 1481; x_wconf 84' lang='lat' dir='ltr'><strong><em>ltoc</em></strong></span> <span class='ocrx_word' id='word_1_97' title='bbox 1629 1414 1694 1501; x_wconf 71' lang='lat' dir='ltr'><strong><em>{uit</em></strong></span> <span class='ocrx_word' id='word_1_98' title='bbox 1707 1435 1723 1522; x_wconf 69' lang='lat'><strong><em>‚³</em></strong></span> 
     </span>
    </p>
   </div>
   <div class='ocr_carea' id='block_1_3' title="bbox 484 1572 1209 1856">
    <p class='ocr_par' dir='ltr' id='par_1_3' title="bbox 487 1572 1209 1643">
     <span class='ocr_line' id='line_1_10' title="bbox 487 1572 1209 1643; baseline -0.003 -12"><span class='ocrx_word' id='word_1_99' title='bbox 487 1572 629 1631; x_wconf 78' lang='lat' dir='ltr'><strong><em>Clauditur</em></strong></span> <span class='ocrx_word' id='word_1_100' title='bbox 641 1574 669 1632; x_wconf 87' lang='lat' dir='ltr'><strong><em>ia</em></strong></span> <span class='ocrx_word' id='word_1_101' title='bbox 685 1574 790 1632; x_wconf 86' lang='lat' dir='ltr'><strong><em>tumulo</em></strong></span> <span class='ocrx_word' id='word_1_102' title='bbox 815 1583 926 1633; x_wconf 85' lang='lat' dir='ltr'><strong><em>sanctas</em></strong></span> <span class='ocrx_word' id='word_1_103' title='bbox 940 1574 1062 1643; x_wconf 80' lang='lat' dir='ltr'><strong><em>sophista</em></strong></span> <span class='ocrx_word' id='word_1_104' title='bbox 1076 1573 1209 1642; x_wconf 86' lang='lat' dir='ltr'><strong><em>loannes,</em></strong></span> 
     </span>
    </p>

    <p class='ocr_par' dir='ltr' id='par_1_4' title="bbox 484 1643 1174 1786">
     <span class='ocr_line' id='line_1_11' title="bbox 484 1643 1154 1767; baseline 0.007 -70"><span class='ocrx_word' id='word_1_105' title='bbox 484 1644 538 1767; x_wconf 57' lang='lat' dir='ltr'><strong><em>Bai</em></strong></span> <span class='ocrx_word' id='word_1_106' title='bbox 555 1645 659 1701; x_wconf 80' lang='lat' dir='ltr'><strong><em>ditatus</em></strong></span> <span class='ocrx_word' id='word_1_107' title='bbox 678 1654 736 1701; x_wconf 82' lang='lat' dir='ltr'><strong><em>erat</em></strong></span> <span class='ocrx_word' id='word_1_108' title='bbox 748 1643 806 1714; x_wconf 74' lang='lat' dir='ltr'><strong><em>ism</em></strong></span> <span class='ocrx_word' id='word_1_109' title='bbox 819 1646 913 1702; x_wconf 79' lang='lat' dir='ltr'><strong><em>virens</em></strong></span> <span class='ocrx_word' id='word_1_110' title='bbox 923 1644 1052 1714; x_wconf 67' lang='lat' dir='ltr'><strong><em>dogmate</em></strong></span> <span class='ocrx_word' id='word_1_111' title='bbox 1067 1645 1154 1702; x_wconf 74' lang='lat' dir='ltr'><strong><em>miso.</em></strong></span> 
     </span>
     <span class='ocr_line' id='line_1_12' title="bbox 510 1713 1174 1786; baseline 0.003 -20"><span class='ocrx_word' id='word_1_112' title='bbox 510 1716 613 1786; x_wconf 81' lang='lat' dir='ltr'><strong><em>scryria</em></strong></span> <span class='ocrx_word' id='word_1_113' title='bbox 626 1717 735 1770; x_wconf 81' lang='lat' dir='ltr'><strong><em>tantem</em></strong></span> <span class='ocrx_word' id='word_1_114' title='bbox 749 1714 849 1770; x_wconf 77' lang='lat' dir='ltr'><strong><em>Christi</em></strong></span> <span class='ocrx_word' id='word_1_115' title='bbox 863 1713 1047 1770; x_wconf 86' lang='lat' dir='ltr'><strong><em>conscendere</em></strong></span> <span class='ocrx_word' id='word_1_116' title='bbox 1062 1727 1174 1781; x_wconf 70' lang='lat' dir='ltr'><strong><em>ragnum</em></strong></span> 
     </span>
    </p>

    <p class='ocr_par' dir='ltr' id='par_1_5' title="bbox 486 1780 1175 1856">
     <span class='ocr_line' id='line_1_13' title="bbox 486 1780 1175 1856; baseline -0.001 -18"><span class='ocrx_word' id='word_1_117' title='bbox 486 1780 667 1850; x_wconf 68' lang='lat' dir='ltr'><strong><em>(inanescit,</em></strong></span> <span class='ocrx_word' id='word_1_118' title='bbox 682 1785 768 1840; x_wconf 71' lang='lat' dir='ltr'><strong><em>macti</em></strong></span> <span class='ocrx_word' id='word_1_119' title='bbox 782 1793 897 1856; x_wconf 68' lang='lat' dir='ltr'><strong><em>rcssosnt</em></strong></span> <span class='ocrx_word' id='word_1_120' title='bbox 909 1797 958 1854; x_wconf 81' lang='lat' dir='ltr'><strong><em>pes</em></strong></span> <span class='ocrx_word' id='word_1_121' title='bbox 970 1781 1060 1839; x_wconf 83' lang='lat' dir='ltr'><strong><em>secula</em></strong></span> <span class='ocrx_word' id='word_1_122' title='bbox 1074 1783 1175 1839; x_wconf 85' lang='lat' dir='ltr'><strong><em>canati.</em></strong></span> 
     </span>
    </p>
   </div>
   <div class='ocr_carea' id='block_1_4' title="bbox 124 1918 1766 2278">
    <p class='ocr_par' dir='ltr' id='par_1_6' title="bbox 124 1918 1766 2278">
     <span class='ocr_line' id='line_1_14' title="bbox 124 1918 1765 2006; baseline 0.004 -24"><span class='ocrx_word' id='word_1_123' title='bbox 124 1918 242 1983; x_wconf 81' lang='lat' dir='ltr'><strong><em>Scairi</em></strong></span> <span class='ocrx_word' id='word_1_124' title='bbox 264 1932 336 1985; x_wconf 87' lang='lat' dir='ltr'><strong><em>sunl</em></strong></span> <span class='ocrx_word' id='word_1_125' title='bbox 352 1921 386 1985; x_wconf 84' lang='lat' dir='ltr'><strong><em>ns·</em></strong></span> <span class='ocrx_word' id='word_1_126' title='bbox 403 1941 523 2000; x_wconf 80' lang='lat' dir='ltr'><strong><em>uersus,</em></strong></span> <span class='ocrx_word' id='word_1_127' title='bbox 539 1931 567 1986; x_wconf 90' lang='lat' dir='ltr'><strong><em>et</em></strong></span> <span class='ocrx_word' id='word_1_128' title='bbox 591 1924 735 1988; x_wconf 90' lang='lat' dir='ltr'><strong><em>moderni</em></strong></span> <span class='ocrx_word' id='word_1_129' title='bbox 750 1927 900 2006; x_wconf 89' lang='lat' dir='ltr'><strong><em>temporis</em></strong></span> <span class='ocrx_word' id='word_1_130' title='bbox 915 1925 990 1989; x_wconf 88' lang='lat' dir='ltr'><strong><em>lima</em></strong></span> <span class='ocrx_word' id='word_1_131' title='bbox 1004 1933 1152 1990; x_wconf 77' lang='lat' dir='ltr'><strong><em>carentes.</em></strong></span> <span class='ocrx_word' id='word_1_132' title='bbox 1172 1924 1285 1990; x_wconf 84' lang='lat' dir='ltr'><strong><em>Subdit</em></strong></span> <span class='ocrx_word' id='word_1_133' title='bbox 1304 1945 1312 1986; x_wconf 78' lang='lat' dir='ltr'><strong><em>r</em></strong></span> <span class='ocrx_word' id='word_1_134' title='bbox 1334 1926 1398 1989; x_wconf 82' lang='lat' dir='ltr'><strong><em>Hic</em></strong></span> <span class='ocrx_word' id='word_1_135' title='bbox 1414 1923 1550 1988; x_wconf 71' lang='lat' dir='ltr'><strong><em>ioannes</em></strong></span> <span class='ocrx_word' id='word_1_136' title='bbox 1568 1926 1680 1989; x_wconf 87' lang='lat' dir='ltr'><strong><em>Scotus</em></strong></span> <span class='ocrx_word' id='word_1_137' title='bbox 1691 1922 1765 2006; x_wconf 79' lang='lat' dir='ltr'><strong><em>ploi-</em></strong></span> 
     </span>
     <span class='ocr_line' id='line_1_15' title="bbox 128 2011 1766 2148; baseline 0.005 -43"><span class='ocrx_word' id='word_1_138' title='bbox 128 2043 295 2125; x_wconf 85' lang='lat' dir='ltr'><strong><em>losopltus,</em></strong></span> <span class='ocrx_word' id='word_1_139' title='bbox 308 2055 343 2108; x_wconf 89' lang='lat' dir='ltr'><strong><em>nt</em></strong></span> <span class='ocrx_word' id='word_1_140' title='bbox 361 2047 438 2110; x_wconf 89' lang='lat' dir='ltr'><strong><em>dicit</em></strong></span> <span class='ocrx_word' id='word_1_141' title='bbox 453 2049 659 2148; x_wconf 70' lang='lat' dir='ltr'><strong><em>lanfrancus,</em></strong></span> <span class='ocrx_word' id='word_1_142' title='bbox 682 2011 716 2114; x_wconf 82' lang='lat' dir='ltr'><strong><em>in</em></strong></span> <span class='ocrx_word' id='word_1_143' title='bbox 732 2052 793 2131; x_wconf 68' lang='lat' dir='ltr'><strong><em>ide</em></strong></span> <span class='ocrx_word' id='word_1_144' title='bbox 816 2054 964 2132; x_wconf 80' lang='lat' dir='ltr'><strong><em>desipuit.</em></strong></span> <span class='ocrx_word' id='word_1_145' title='bbox 981 2053 1067 2115; x_wconf 86' lang='lat' dir='ltr'><strong><em>llnde</em></strong></span> <span class='ocrx_word' id='word_1_146' title='bbox 1090 2053 1169 2116; x_wconf 82' lang='lat' dir='ltr'><strong><em>lilser</em></strong></span> <span class='ocrx_word' id='word_1_147' title='bbox 1183 2020 1250 2134; x_wconf 80' lang='lat' dir='ltr'><strong><em>ejus</em></strong></span> <span class='ocrx_word' id='word_1_148' title='bbox 1266 2054 1303 2115; x_wconf 89' lang='lat' dir='ltr'><strong><em>de</em></strong></span> <span class='ocrx_word' id='word_1_149' title='bbox 1318 2054 1523 2116; x_wconf 84' lang='lat' dir='ltr'><strong><em>Buclsaristia</em></strong></span> <span class='ocrx_word' id='word_1_150' title='bbox 1547 2053 1645 2117; x_wconf 89' lang='lat' dir='ltr'><strong><em>lectus</em></strong></span> <span class='ocrx_word' id='word_1_151' title='bbox 1667 2062 1711 2115; x_wconf 92' lang='lat' dir='ltr'><strong><em>est</em></strong></span> <span class='ocrx_word' id='word_1_152' title='bbox 1735 2058 1766 2114; x_wconf 87' lang='lat' dir='ltr'><strong><em>et</em></strong></span> 
     </span>
     <span class='ocr_line' id='line_1_16' title="bbox 127 2170 1765 2278; baseline 0.004 -46"><span class='ocrx_word' id='word_1_153' title='bbox 127 2170 296 2234; x_wconf 74' lang='lat' dir='ltr'><strong><em>damnmm</em></strong></span> <span class='ocrx_word' id='word_1_154' title='bbox 310 2175 344 2235; x_wconf 88' lang='lat' dir='ltr'><strong><em>in</em></strong></span> <span class='ocrx_word' id='word_1_155' title='bbox 356 2174 475 2254; x_wconf 77' lang='lat' dir='ltr'><strong><em>synodo</em></strong></span> <span class='ocrx_word' id='word_1_156' title='bbox 501 2175 692 2253; x_wconf 76' lang='lat' dir='ltr'><strong><em>Vercellcnsi,</em></strong></span> <span class='ocrx_word' id='word_1_157' title='bbox 718 2178 869 2242; x_wconf 83' lang='lat' dir='ltr'><strong><em>ceteorara</em></strong></span> <span class='ocrx_word' id='word_1_158' title='bbox 882 2178 938 2240; x_wconf 87' lang='lat' dir='ltr'><strong><em>suls</em></strong></span> <span class='ocrx_word' id='word_1_159' title='bbox 958 2177 1047 2258; x_wconf 87' lang='lat' dir='ltr'><strong><em>Papa</em></strong></span> <span class='ocrx_word' id='word_1_160' title='bbox 1061 2178 1161 2239; x_wconf 84' lang='lat' dir='ltr'><strong><em>Leone</em></strong></span> <span class='ocrx_word' id='word_1_161' title='bbox 1177 2177 1235 2278; x_wconf 54' lang='lat' dir='ltr'><strong><em>tx,</em></strong></span> <span class='ocrx_word' id='word_1_162' title='bbox 1252 2176 1354 2238; x_wconf 89' lang='lat' dir='ltr'><strong><em>eodem</em></strong></span> <span class='ocrx_word' id='word_1_163' title='bbox 1373 2196 1467 2251; x_wconf 89' lang='lat' dir='ltr'><strong><em>anno,</em></strong></span> <span class='ocrx_word' id='word_1_164' title='bbox 1489 2196 1549 2258; x_wconf 82' lang='lat' dir='ltr'><strong><em>quo</em></strong></span> <span class='ocrx_word' id='word_1_165' title='bbox 1568 2198 1600 2240; x_wconf 91' lang='lat' dir='ltr'><strong><em>se</em></strong></span> <span class='ocrx_word' id='word_1_166' title='bbox 1614 2178 1765 2259; x_wconf 70' lang='lat' dir='ltr'><strong><em>lanfran·</em></strong></span> 
     </span>
    </p>
   </div>
   <div class='ocr_carea' id='block_1_5' title="bbox 124 2301 1767 2900">
    <p class='ocr_par' dir='ltr' id='par_1_7' title="bbox 124 2301 1767 2900">
     <span class='ocr_line' id='line_1_17' title="bbox 124 2301 1765 2400; baseline 0.003 -40"><span class='ocrx_word' id='word_1_167' title='bbox 124 2317 186 2361; x_wconf 89' lang='lat' dir='ltr'><strong><em>cus</em></strong></span> <span class='ocrx_word' id='word_1_168' title='bbox 199 2301 242 2380; x_wconf 25' lang='lat' dir='ltr'><strong><em>&#39;aa</em></strong></span> <span class='ocrx_word' id='word_1_169' title='bbox 261 2319 366 2366; x_wconf 88' lang='lat' dir='ltr'><strong><em>errore</em></strong></span> <span class='ocrx_word' id='word_1_170' title='bbox 389 2302 573 2383; x_wconf 77' lang='lat' dir='ltr'><strong><em>Berenporii</em></strong></span> <span class='ocrx_word' id='word_1_171' title='bbox 585 2305 958 2400; x_wconf 79' lang='lat' dir='ltr'><strong><em>purpaoit.1demetiam</em></strong></span> <span class='ocrx_word' id='word_1_172' title='bbox 976 2307 1113 2368; x_wconf 79' lang='lat' dir='ltr'><strong><em>loannes</em></strong></span> <span class='ocrx_word' id='word_1_173' title='bbox 1128 2323 1223 2387; x_wconf 91' lang='lat' dir='ltr'><strong><em>super</em></strong></span> <span class='ocrx_word' id='word_1_174' title='bbox 1244 2304 1436 2367; x_wconf 74' lang='lat' dir='ltr'><strong><em>ierarchiam</em></strong></span> <span class='ocrx_word' id='word_1_175' title='bbox 1452 2306 1600 2386; x_wconf 75' lang='lat' dir='ltr'><strong><em>Dionysii</em></strong></span> <span class='ocrx_word' id='word_1_176' title='bbox 1615 2322 1765 2368; x_wconf 85' lang='lat' dir='ltr'><strong><em>commen·</em></strong></span> 
     </span>
     <span class='ocr_line' id='line_1_18' title="bbox 124 2429 1764 2520; baseline 0.005 -30"><span class='ocrx_word' id='word_1_177' title='bbox 124 2429 221 2493; x_wconf 85' lang='lat' dir='ltr'><strong><em>tacit.</em></strong></span> <span class='ocrx_word' id='word_1_178' title='bbox 241 2430 413 2499; x_wconf 81' lang='lat' dir='ltr'><strong><em>Hctinancii</em></strong></span> <span class='ocrx_word' id='word_1_179' title='bbox 433 2435 476 2516; x_wconf 65' lang='lat' dir='ltr'><strong><em>(sxa</em></strong></span> <span class='ocrx_word' id='word_1_180' title='bbox 494 2435 582 2518; x_wconf 73' lang='lat'>1223)</span> <span class='ocrx_word' id='word_1_181' title='bbox 598 2437 774 2504; x_wconf 80' lang='lat' dir='ltr'><strong><em>chronicon</em></strong></span> <span class='ocrx_word' id='word_1_182' title='bbox 787 2438 845 2502; x_wconf 86' lang='lat' dir='ltr'><strong><em>lib.</em></strong></span> <span class='ocrx_word' id='word_1_183' title='bbox 865 2439 984 2513; x_wconf 80' lang='lat' dir='ltr'>XLVI,</span> <span class='ocrx_word' id='word_1_184' title='bbox 1005 2456 1102 2520; x_wconf 87' lang='lat' dir='ltr'><strong><em>quem</em></strong></span> <span class='ocrx_word' id='word_1_185' title='bbox 1121 2438 1313 2502; x_wconf 87' lang='lat' dir='ltr'><strong><em>Vincentius</em></strong></span> <span class='ocrx_word' id='word_1_186' title='bbox 1323 2443 1487 2501; x_wconf 89' lang='lat' dir='ltr'><strong><em>auctorem</em></strong></span> <span class='ocrx_word' id='word_1_187' title='bbox 1500 2438 1587 2512; x_wconf 87' lang='lat' dir='ltr'><strong><em>citat,</em></strong></span> <span class='ocrx_word' id='word_1_188' title='bbox 1602 2435 1764 2515; x_wconf 86' lang='lat' dir='ltr'><strong><em>inspicere</em></strong></span> 
     </span>
     <span class='ocr_line' id='line_1_19' title="bbox 126 2562 1767 2644; baseline 0.002 -22"><span class='ocrx_word' id='word_1_189' title='bbox 126 2575 197 2622; x_wconf 89' lang='lat' dir='ltr'><strong><em>non</em></strong></span> <span class='ocrx_word' id='word_1_190' title='bbox 213 2562 316 2641; x_wconf 80' lang='lat' dir='ltr'><strong><em>potui.</em></strong></span> <span class='ocrx_word' id='word_1_191' title='bbox 333 2563 454 2630; x_wconf 86' lang='lat' dir='ltr'><strong><em>Prodiil</em></strong></span> <span class='ocrx_word' id='word_1_192' title='bbox 470 2565 644 2630; x_wconf 86' lang='lat' dir='ltr'><strong><em>Helinandi</em></strong></span> <span class='ocrx_word' id='word_1_193' title='bbox 665 2567 841 2631; x_wconf 78' lang='lat' dir='ltr'><strong><em>alnonicon</em></strong></span> <span class='ocrx_word' id='word_1_194' title='bbox 853 2584 928 2631; x_wconf 84' lang='lat' dir='ltr'><strong><em>rura</em></strong></span> <span class='ocrx_word' id='word_1_195' title='bbox 951 2565 1110 2630; x_wconf 91' lang='lat' dir='ltr'><strong><em>Bertrand</em></strong></span> <span class='ocrx_word' id='word_1_196' title='bbox 1131 2567 1250 2630; x_wconf 85' lang='lat' dir='ltr'><strong><em>Tissier</em></strong></span> <span class='ocrx_word' id='word_1_197' title='bbox 1266 2566 1460 2630; x_wconf 72' lang='lat' dir='ltr'><strong><em>Bibliotheca</em></strong></span> <span class='ocrx_word' id='word_1_198' title='bbox 1476 2576 1613 2629; x_wconf 85' lang='lat' dir='ltr'><strong><em>ueterum</em></strong></span> <span class='ocrx_word' id='word_1_199' title='bbox 1630 2565 1767 2644; x_wconf 89' lang='lat' dir='ltr'><strong><em>scripta·</em></strong></span> 
     </span>
     <span class='ocr_line' id='line_1_20' title="bbox 125 2688 1763 2783; baseline 0.007 -35"><span class='ocrx_word' id='word_1_200' title='bbox 125 2705 203 2750; x_wconf 87' lang='lat' dir='ltr'><strong><em>rum</em></strong></span> <span class='ocrx_word' id='word_1_201' title='bbox 215 2688 344 2756; x_wconf 79' lang='lat' dir='ltr'><strong><em>Ordinis</em></strong></span> <span class='ocrx_word' id='word_1_202' title='bbox 359 2692 584 2762; x_wconf 75' lang='lat' dir='ltr'><strong><em>cisterciensis.</em></strong></span> <span class='ocrx_word' id='word_1_203' title='bbox 600 2701 785 2764; x_wconf 82' lang='lat' dir='ltr'><strong><em>Antoninus</em></strong></span> <span class='ocrx_word' id='word_1_204' title='bbox 799 2700 1005 2765; x_wconf 72' lang='lat' dir='ltr'><strong><em>Placentinus</em></strong></span> <span class='ocrx_word' id='word_1_205' title='bbox 1017 2698 1060 2781; x_wconf 64' lang='lat' dir='ltr'><strong><em>(a</em></strong></span> <span class='ocrx_word' id='word_1_206' title='bbox 1078 2697 1165 2783; x_wconf 70' lang='lat' dir='ltr'><strong><em>itte)</em></strong></span> <span class='ocrx_word' id='word_1_207' title='bbox 1181 2700 1214 2763; x_wconf 91' lang='lat' dir='ltr'><strong><em>ia</em></strong></span> <span class='ocrx_word' id='word_1_208' title='bbox 1229 2699 1381 2765; x_wconf 84' lang='lat' dir='ltr'><strong><em>chronico</em></strong></span> <span class='ocrx_word' id='word_1_209' title='bbox 1396 2715 1468 2776; x_wconf 87' lang='lat' dir='ltr'><strong><em>suo,</em></strong></span> <span class='ocrx_word' id='word_1_210' title='bbox 1484 2700 1554 2765; x_wconf 85' lang='lat' dir='ltr'><strong><em>See.</em></strong></span> <span class='ocrx_word' id='word_1_211' title='bbox 1570 2701 1629 2774; x_wconf 84' lang='grc' dir='ltr'>ΙΙΙ,</span> <span class='ocrx_word' id='word_1_212' title='bbox 1645 2715 1714 2779; x_wconf 88' lang='lat' dir='ltr'><strong><em>cop.</em></strong></span> <span class='ocrx_word' id='word_1_213' title='bbox 1729 2697 1763 2774; x_wconf 75' lang='lat' dir='ltr'><strong><em>B,</em></strong></span> 
     </span>
     <span class='ocr_line' id='line_1_21' title="bbox 127 2819 967 2900; baseline 0.012 -18"><span class='ocrx_word' id='word_1_214' title='bbox 127 2819 182 2884; x_wconf 88' lang='lat' dir='ltr'><strong><em>tit.</em></strong></span> <span class='ocrx_word' id='word_1_215' title='bbox 200 2820 286 2898; x_wconf 79' lang='lat' dir='ltr'><strong><em>xvi,</em></strong></span> <span class='ocrx_word' id='word_1_216' title='bbox 305 2826 320 2900; x_wconf 69' lang='grc' dir='ltr'>Ι</span> <span class='ocrx_word' id='word_1_217' title='bbox 336 2823 369 2899; x_wconf 83' lang='grc'><strong><em>3,</em></strong></span> <span class='ocrx_word' id='word_1_218' title='bbox 385 2825 593 2890; x_wconf 83' lang='lat' dir='ltr'><strong><em>Vincentium</em></strong></span> <span class='ocrx_word' id='word_1_219' title='bbox 607 2828 647 2892; x_wconf 90' lang='lat' dir='ltr'><strong><em>sd</em></strong></span> <span class='ocrx_word' id='word_1_220' title='bbox 664 2830 800 2894; x_wconf 83' lang='lat' dir='ltr'><strong><em>verbum</em></strong></span> <span class='ocrx_word' id='word_1_221' title='bbox 819 2828 967 2894; x_wconf 84' lang='lat' dir='ltr'><strong><em>reddidit.</em></strong></span> 
     </span>
    </p>
   </div>
   <div class='ocr_carea' id='block_1_6' title="bbox 128 2937 1766 3153">
    <p class='ocr_par' dir='ltr' id='par_1_8' title="bbox 128 2937 1766 3153">
     <span class='ocr_line' id='line_1_22' title="bbox 172 2937 1758 3037; baseline 0.003 -24"><span class='ocrx_word' id='word_1_222' title='bbox 172 2948 372 3015; x_wconf 85' lang='lat' dir='ltr'><strong><em>Trithamius</em></strong></span> <span class='ocrx_word' id='word_1_223' title='bbox 397 2951 408 3033; x_wconf 78' lang='lat' dir='ltr'><strong><em>l</em></strong></span> <span class='ocrx_word' id='word_1_224' title='bbox 425 2961 457 3021; x_wconf 84' lang='lat'><strong><em>›1‹</em></strong></span> <span class='ocrx_word' id='word_1_225' title='bbox 473 2954 561 3033; x_wconf 74' lang='lat'>1516)</span> <span class='ocrx_word' id='word_1_226' title='bbox 587 2955 673 3020; x_wconf 87' lang='lat' dir='ltr'><strong><em>inter</em></strong></span> <span class='ocrx_word' id='word_1_227' title='bbox 693 2955 776 3020; x_wconf 89' lang='lat' dir='ltr'><strong><em>duos</em></strong></span> <span class='ocrx_word' id='word_1_228' title='bbox 791 2958 933 3019; x_wconf 88' lang='lat' dir='ltr'><strong><em>loannes</em></strong></span> <span class='ocrx_word' id='word_1_229' title='bbox 946 2958 1068 3031; x_wconf 81' lang='lat' dir='ltr'><strong><em>scotos,</em></strong></span> <span class='ocrx_word' id='word_1_230' title='bbox 1082 2955 1233 3037; x_wconf 85' lang='lat' dir='ltr'><strong><em>equibus</em></strong></span> <span class='ocrx_word' id='word_1_231' title='bbox 1244 2971 1331 3018; x_wconf 87' lang='lat' dir='ltr'><strong><em>unus</em></strong></span> <span class='ocrx_word' id='word_1_232' title='bbox 1341 2955 1447 3019; x_wconf 87' lang='lat' dir='ltr'><strong><em>Bedao</em></strong></span> <span class='ocrx_word' id='word_1_233' title='bbox 1461 2951 1644 3035; x_wconf 87' lang='lat' dir='ltr'><strong><em>discipulus</em></strong></span> <span class='ocrx_word' id='word_1_234' title='bbox 1658 2937 1758 3017; x_wconf 73' lang='lat' dir='ltr'><strong><em>luerit</em></strong></span> 
     </span>
     <span class='ocr_line' id='line_1_23' title="bbox 128 3069 1766 3153; baseline -0.002 -14"><span class='ocrx_word' id='word_1_235' title='bbox 128 3072 254 3139; x_wconf 86' lang='lat' dir='ltr'><strong><em>diserta</em></strong></span> <span class='ocrx_word' id='word_1_236' title='bbox 271 3070 454 3150; x_wconf 72' lang='lat' dir='ltr'><strong><em>distinguit,</em></strong></span> <span class='ocrx_word' id='word_1_237' title='bbox 478 3070 643 3151; x_wconf 79' lang='lat' dir='ltr'><strong><em>deceptus,</em></strong></span> <span class='ocrx_word' id='word_1_238' title='bbox 671 3082 705 3136; x_wconf 88' lang='lat' dir='ltr'><strong><em>ut</em></strong></span> <span class='ocrx_word' id='word_1_239' title='bbox 728 3072 856 3153; x_wconf 88' lang='lat' dir='ltr'><strong><em>opinor,</em></strong></span> <span class='ocrx_word' id='word_1_240' title='bbox 881 3071 953 3136; x_wconf 88' lang='lat' dir='ltr'><strong><em>ioco</em></strong></span> <span class='ocrx_word' id='word_1_241' title='bbox 969 3070 1132 3136; x_wconf 78' lang='lat' dir='ltr'><strong><em>vincentii</em></strong></span> <span class='ocrx_word' id='word_1_242' title='bbox 1155 3069 1405 3147; x_wconf 80' lang='lat' dir='ltr'><strong><em>Bellovacsnsis‚</em></strong></span> <span class='ocrx_word' id='word_1_243' title='bbox 1425 3073 1485 3153; x_wconf 86' lang='lat' dir='ltr'><strong><em>qui</em></strong></span> <span class='ocrx_word' id='word_1_244' title='bbox 1502 3071 1526 3135; x_wconf 87' lang='lat' dir='ltr'><strong><em>l.</em></strong></span> <span class='ocrx_word' id='word_1_245' title='bbox 1541 3072 1564 3136; x_wconf 88' lang='grc' dir='ltr'><strong><em>Ι.</em></strong></span> <span class='ocrx_word' id='word_1_246' title='bbox 1582 3071 1639 3136; x_wconf 85' lang='lat' dir='ltr'><strong><em>lib.</em></strong></span> <span class='ocrx_word' id='word_1_247' title='bbox 1656 3074 1766 3137; x_wconf 77' lang='lat' dir='ltr'><strong><em>XXW</em></strong></span> 
     </span>
    </p>
   </div>
   <div class='ocr_carea' id='block_1_7' title="bbox 127 3185 1767 3550">
    <p class='ocr_par' dir='ltr' id='par_1_9' title="bbox 127 3185 1767 3550">
     <span class='ocr_line' id='line_1_24' title="bbox 128 3185 1761 3285; baseline -0.001 -17"><span class='ocrx_word' id='word_1_248' title='bbox 128 3202 245 3268; x_wconf 89' lang='lat' dir='ltr'><strong><em>omnia</em></strong></span> <span class='ocrx_word' id='word_1_249' title='bbox 268 3201 396 3265; x_wconf 83' lang='lat' dir='ltr'><strong><em>miscuit</em></strong></span> <span class='ocrx_word' id='word_1_250' title='bbox 418 3185 586 3265; x_wconf 74' lang='lat' dir='ltr'><strong><em>scribens:</em></strong></span> <span class='ocrx_word' id='word_1_251' title='bbox 604 3204 806 3284; x_wconf 79' lang='lat' dir='ltr'><strong><em>Fueruntque</em></strong></span> <span class='ocrx_word' id='word_1_252' title='bbox 826 3203 961 3265; x_wconf 87' lang='lat' dir='ltr'><strong><em>Parisiis</em></strong></span> <span class='ocrx_word' id='word_1_253' title='bbox 990 3202 1174 3285; x_wconf 64' lang='lat' dir='ltr'><strong><em>fundatores</em></strong></span> <span class='ocrx_word' id='word_1_254' title='bbox 1192 3202 1287 3283; x_wconf 77' lang='lat' dir='ltr'><strong><em>luins</em></strong></span> <span class='ocrx_word' id='word_1_255' title='bbox 1313 3203 1421 3267; x_wconf 86' lang='lat' dir='ltr'><strong><em>Stadii</em></strong></span> <span class='ocrx_word' id='word_1_256' title='bbox 1439 3211 1590 3284; x_wconf 85' lang='lat' dir='ltr'><strong><em>quattuor</em></strong></span> <span class='ocrx_word' id='word_1_257' title='bbox 1605 3204 1761 3279; x_wconf 75' lang='lat' dir='ltr'><strong><em>monachi.</em></strong></span> 
     </span>
     <span class='ocr_line' id='line_1_25' title="bbox 129 3330 1767 3417; baseline 0.003 -23"><span class='ocrx_word' id='word_1_258' title='bbox 129 3330 236 3394; x_wconf 89' lang='lat' dir='ltr'><strong><em>Bedoc</em></strong></span> <span class='ocrx_word' id='word_1_259' title='bbox 251 3330 415 3411; x_wconf 82' lang='lat' dir='ltr'><strong><em>discipuli,</em></strong></span> <span class='ocrx_word' id='word_1_260' title='bbox 429 3330 550 3394; x_wconf 88' lang='lat' dir='ltr'><strong><em>scilicet</em></strong></span> <span class='ocrx_word' id='word_1_261' title='bbox 569 3331 715 3397; x_wconf 77' lang='lat' dir='ltr'><strong><em>Balaam</em></strong></span> <span class='ocrx_word' id='word_1_262' title='bbox 730 3340 759 3394; x_wconf 87' lang='lat' dir='ltr'><strong><em>et</em></strong></span> <span class='ocrx_word' id='word_1_263' title='bbox 775 3331 941 3407; x_wconf 79' lang='lat' dir='ltr'><strong><em>Alcuinus,</em></strong></span> <span class='ocrx_word' id='word_1_264' title='bbox 957 3330 1111 3395; x_wconf 81' lang='lat' dir='ltr'><strong><em>Claudius</em></strong></span> <span class='ocrx_word' id='word_1_265' title='bbox 1128 3339 1158 3394; x_wconf 87' lang='lat' dir='ltr'><strong><em>et</em></strong></span> <span class='ocrx_word' id='word_1_266' title='bbox 1174 3331 1308 3394; x_wconf 85' lang='lat' dir='ltr'><strong><em>loannes</em></strong></span> <span class='ocrx_word' id='word_1_267' title='bbox 1328 3330 1452 3394; x_wconf 85' lang='lat' dir='ltr'><strong><em>Scotus.</em></strong></span> <span class='ocrx_word' id='word_1_268' title='bbox 1466 3332 1557 3405; x_wconf 86' lang='lat' dir='ltr'><strong><em>Quas</em></strong></span> <span class='ocrx_word' id='word_1_269' title='bbox 1572 3334 1666 3400; x_wconf 82' lang='lat' dir='ltr'><strong><em>verbs</em></strong></span> <span class='ocrx_word' id='word_1_270' title='bbox 1680 3351 1767 3417; x_wconf 87' lang='lat' dir='ltr'><strong><em>qua-</em></strong></span> 
     </span>
     <span class='ocr_line' id='line_1_26' title="bbox 127 3460 1765 3550; baseline 0.006 -25"><span class='ocrx_word' id='word_1_271' title='bbox 127 3460 362 3542; x_wconf 85' lang='lat' dir='ltr'><strong><em>modocunque</em></strong></span> <span class='ocrx_word' id='word_1_272' title='bbox 386 3461 560 3541; x_wconf 78' lang='lat' dir='ltr'><strong><em>intelligis,</em></strong></span> <span class='ocrx_word' id='word_1_273' title='bbox 584 3463 712 3526; x_wconf 84' lang='lat' dir='ltr'><strong><em>veritati</em></strong></span> <span class='ocrx_word' id='word_1_274' title='bbox 737 3479 803 3526; x_wconf 91' lang='lat' dir='ltr'><strong><em>uon</em></strong></span> <span class='ocrx_word' id='word_1_275' title='bbox 828 3461 1037 3526; x_wconf 83' lang='lat' dir='ltr'><strong><em>conveniunt.</em></strong></span> <span class='ocrx_word' id='word_1_276' title='bbox 1063 3462 1261 3527; x_wconf 82' lang='lat' dir='ltr'><strong><em>Trithemius</em></strong></span> <span class='ocrx_word' id='word_1_277' title='bbox 1284 3461 1384 3541; x_wconf 79' lang='lat' dir='ltr'><strong><em>igitur</em></strong></span> <span class='ocrx_word' id='word_1_278' title='bbox 1407 3463 1440 3526; x_wconf 93' lang='lat' dir='ltr'><strong><em>in</em></strong></span> <span class='ocrx_word' id='word_1_279' title='bbox 1467 3463 1550 3528; x_wconf 87' lang='lat' dir='ltr'><strong><em>libro</em></strong></span> <span class='ocrx_word' id='word_1_280' title='bbox 1576 3466 1617 3531; x_wconf 90' lang='lat' dir='ltr'><strong><em>do</em></strong></span> <span class='ocrx_word' id='word_1_281' title='bbox 1638 3470 1765 3550; x_wconf 82' lang='lat' dir='ltr'><strong><em>scripti.</em></strong></span> 
     </span>
    </p>
   </div>
   <div class='ocr_carea' id='block_1_8' title="bbox 127 3560 1768 3691">
    <p class='ocr_par' dir='ltr' id='par_1_10' title="bbox 127 3560 1768 3691">
     <span class='ocr_line' id='line_1_27' title="bbox 127 3560 1768 3691; baseline 0.001 -34"><span class='ocrx_word' id='word_1_282' title='bbox 127 3589 257 3657; x_wconf 71' lang='lat' dir='ltr'><strong><em>nectos.</em></strong></span> <span class='ocrx_word' id='word_1_283' title='bbox 277 3589 329 3654; x_wconf 85' lang='lat' dir='ltr'><strong><em>ed.</em></strong></span> <span class='ocrx_word' id='word_1_284' title='bbox 344 3591 545 3655; x_wconf 84' lang='lat' dir='ltr'><strong><em>Brancuiurt.</em></strong></span> <span class='ocrx_word' id='word_1_285' title='bbox 559 3560 649 3669; x_wconf 60' lang='lat'><strong>1601,</strong></span> <span class='ocrx_word' id='word_1_286' title='bbox 661 3610 693 3691; x_wconf 86' lang='lat' dir='ltr'><strong><em>p.</em></strong></span> <span class='ocrx_word' id='word_1_287' title='bbox 705 3593 776 3666; x_wconf 75' lang='lat'><strong><em>252,</em></strong></span> <span class='ocrx_word' id='word_1_288' title='bbox 795 3591 873 3656; x_wconf 86' lang='lat' dir='ltr'><strong><em>haec</em></strong></span> <span class='ocrx_word' id='word_1_289' title='bbox 888 3590 1003 3655; x_wconf 78' lang='lat' dir='ltr'><strong><em>refert:</em></strong></span> <span class='ocrx_word' id='word_1_290' title='bbox 1024 3592 1282 3654; x_wconf 76' lang='lat' dir='ltr'><strong><em>IoanucsScotus</em></strong></span> <span class='ocrx_word' id='word_1_291' title='bbox 1293 3584 1466 3669; x_wconf 69' lang='lat' dir='ltr'><strong><em>¹rnona&#39;cltus</em></strong></span> <span class='ocrx_word' id='word_1_292' title='bbox 1483 3592 1606 3657; x_wconf 86' lang='lat' dir='ltr'><strong><em>ordinis</em></strong></span> <span class='ocrx_word' id='word_1_293' title='bbox 1621 3595 1654 3658; x_wconf 80' lang='lat' dir='ltr'><strong><em>S.</em></strong></span> <span class='ocrx_word' id='word_1_294' title='bbox 1674 3596 1768 3659; x_wconf 89' lang='lat' dir='ltr'><strong><em>Bene·</em></strong></span> 
     </span>
    </p>
   </div>
   <div class='ocr_carea' id='block_1_9' title="bbox 126 3706 1836 3817">
    <p class='ocr_par' dir='ltr' id='par_1_11' title="bbox 126 3706 1836 3817">
     <span class='ocr_line' id='line_1_28' title="bbox 126 3706 1836 3817; baseline 0 -34"><span class='ocrx_word' id='word_1_295' title='bbox 126 3720 224 3796; x_wconf 79' lang='lat' dir='ltr'><strong><em>dicti,</em></strong></span> <span class='ocrx_word' id='word_1_296' title='bbox 234 3719 493 3815; x_wconf 81' lang='lat' dir='ltr'><strong><em>Bedaemonacisi</em></strong></span> <span class='ocrx_word' id='word_1_297' title='bbox 509 3727 537 3783; x_wconf 95' lang='lat' dir='ltr'><strong><em>el</em></strong></span> <span class='ocrx_word' id='word_1_298' title='bbox 552 3721 693 3783; x_wconf 88' lang='lat' dir='ltr'><strong><em>doctoris</em></strong></span> <span class='ocrx_word' id='word_1_299' title='bbox 705 3720 872 3782; x_wconf 80' lang='lat' dir='ltr'><strong><em>clarissimi</em></strong></span> <span class='ocrx_word' id='word_1_300' title='bbox 888 3721 1044 3800; x_wconf 75' lang='lat' dir='ltr'><strong><em>qnondam</em></strong></span> <span class='ocrx_word' id='word_1_301' title='bbox 1058 3717 1188 3781; x_wconf 89' lang='lat' dir='ltr'><strong><em>auditor</em></strong></span> <span class='ocrx_word' id='word_1_302' title='bbox 1204 3706 1500 3798; x_wconf 81' lang='lat' dir='ltr'><strong><em>atquediscipulus,</em></strong></span> <span class='ocrx_word' id='word_1_303' title='bbox 1512 3717 1630 3798; x_wconf 83' lang='lat' dir='ltr'><strong><em>coliepo</em></strong></span> <span class='ocrx_word' id='word_1_304' title='bbox 1645 3719 1773 3817; x_wconf 55' lang='lat' dir='ltr'><strong><em>Albini.</em></strong></span> <span class='ocrx_word' id='word_1_305' title='bbox 1833 3738 1836 3749; x_wconf 73' lang='lat'><em>¹</em></span> 
     </span>
    </p>
   </div>
   <div class='ocr_carea' id='block_1_10' title="bbox 126 3845 1769 4053">
    <p class='ocr_par' dir='ltr' id='par_1_12' title="bbox 126 3845 1769 4053">
     <span class='ocr_line' id='line_1_29' title="bbox 126 3845 1766 3933; baseline -0.002 -20"><span class='ocrx_word' id='word_1_306' title='bbox 126 3851 256 3914; x_wconf 77' lang='lat' dir='ltr'><strong><em>ueniens</em></strong></span> <span class='ocrx_word' id='word_1_307' title='bbox 270 3867 340 3912; x_wconf 91' lang='lat' dir='ltr'><strong><em>cum</em></strong></span> <span class='ocrx_word' id='word_1_308' title='bbox 357 3868 390 3911; x_wconf 93' lang='lat' dir='ltr'><strong><em>eo</em></strong></span> <span class='ocrx_word' id='word_1_309' title='bbox 407 3848 445 3911; x_wconf 90' lang='lat' dir='ltr'><strong><em>de</em></strong></span> <span class='ocrx_word' id='word_1_310' title='bbox 458 3849 625 3911; x_wconf 85' lang='lat' dir='ltr'><strong><em>Britannia</em></strong></span> <span class='ocrx_word' id='word_1_311' title='bbox 640 3851 675 3912; x_wconf 91' lang='lat' dir='ltr'><strong><em>in</em></strong></span> <span class='ocrx_word' id='word_1_312' title='bbox 693 3848 838 3924; x_wconf 85' lang='lat' dir='ltr'><strong><em>Galliam,</em></strong></span> <span class='ocrx_word' id='word_1_313' title='bbox 849 3846 936 3928; x_wconf 90' lang='lat' dir='ltr'><strong><em>opud</em></strong></span> <span class='ocrx_word' id='word_1_314' title='bbox 948 3847 1097 3910; x_wconf 83' lang='lat' dir='ltr'><strong><em>Corolum</em></strong></span> <span class='ocrx_word' id='word_1_315' title='bbox 1117 3847 1341 3927; x_wconf 86' lang='lat' dir='ltr'><strong><em>Imperatorem</em></strong></span> <span class='ocrx_word' id='word_1_316' title='bbox 1359 3845 1508 3926; x_wconf 76' lang='lat' dir='ltr'><strong><em>Mapoura</em></strong></span> <span class='ocrx_word' id='word_1_317' title='bbox 1526 3846 1559 3908; x_wconf 91' lang='lat' dir='ltr'><strong><em>in</em></strong></span> <span class='ocrx_word' id='word_1_318' title='bbox 1573 3846 1676 3933; x_wconf 86' lang='lat' dir='ltr'><strong><em>pretio</em></strong></span> <span class='ocrx_word' id='word_1_319' title='bbox 1690 3846 1766 3926; x_wconf 77' lang='lat' dir='ltr'><strong><em>[uit.</em></strong></span> 
     </span>
     <span class='ocr_line' id='line_1_30' title="bbox 128 3970 1769 4053; baseline -0.001 -16"><span class='ocrx_word' id='word_1_320' title='bbox 128 3974 195 4053; x_wconf 78' lang='lat' dir='ltr'><strong><em>Qui</em></strong></span> <span class='ocrx_word' id='word_1_321' title='bbox 219 3993 290 4037; x_wconf 88' lang='lat' dir='ltr'><strong><em>cum</em></strong></span> <span class='ocrx_word' id='word_1_322' title='bbox 305 3982 380 4037; x_wconf 86' lang='lat' dir='ltr'><strong><em>essct</em></strong></span> <span class='ocrx_word' id='word_1_323' title='bbox 398 3974 450 4036; x_wconf 88' lang='lat' dir='ltr'><strong><em>uir</em></strong></span> <span class='ocrx_word' id='word_1_324' title='bbox 465 3974 498 4035; x_wconf 88' lang='lat' dir='ltr'><strong><em>in</em></strong></span> <span class='ocrx_word' id='word_1_325' title='bbox 517 3972 659 4035; x_wconf 82' lang='lat' dir='ltr'><strong><em>omnibus</em></strong></span> <span class='ocrx_word' id='word_1_326' title='bbox 674 3974 846 4053; x_wconf 86' lang='lat' dir='ltr'><strong><em>scripturis</em></strong></span> <span class='ocrx_word' id='word_1_327' title='bbox 864 3971 1076 4048; x_wconf 88' lang='lat' dir='ltr'><strong><em>doctissimus,</em></strong></span> <span class='ocrx_word' id='word_1_328' title='bbox 1096 3970 1196 4033; x_wconf 88' lang='lat' dir='ltr'><strong><em>edidit</em></strong></span> <span class='ocrx_word' id='word_1_329' title='bbox 1217 3970 1304 4033; x_wconf 91' lang='lat' dir='ltr'><strong><em>claro</em></strong></span> <span class='ocrx_word' id='word_1_330' title='bbox 1329 3988 1468 4033; x_wconf 87' lang='lat' dir='ltr'><strong><em>sermone</em></strong></span> <span class='ocrx_word' id='word_1_331' title='bbox 1490 3970 1666 4033; x_wconf 89' lang='lat' dir='ltr'><strong><em>clarissima</em></strong></span> <span class='ocrx_word' id='word_1_332' title='bbox 1690 3990 1769 4052; x_wconf 92' lang='lat' dir='ltr'><strong><em>opu·</em></strong></span> 
     </span>
    </p>
   </div>
   <div class='ocr_carea' id='block_1_11' title="bbox 127 4100 1773 5614">
    <p class='ocr_par' dir='ltr' id='par_1_13' title="bbox 127 4100 1773 5614">
     <span class='ocr_line' id='line_1_31' title="bbox 130 4100 1768 4185; baseline -0.001 -18"><span class='ocrx_word' id='word_1_333' title='bbox 130 4104 236 4178; x_wconf 87' lang='lat' dir='ltr'><strong><em>scula,</em></strong></span> <span class='ocrx_word' id='word_1_334' title='bbox 253 4104 290 4166; x_wconf 88' lang='lat' dir='ltr'><strong><em>de</em></strong></span> <span class='ocrx_word' id='word_1_335' title='bbox 310 4103 422 4185; x_wconf 80' lang='lat' dir='ltr'><strong><em>quibus</em></strong></span> <span class='ocrx_word' id='word_1_336' title='bbox 444 4102 506 4164; x_wconf 87' lang='lat' dir='ltr'><strong><em>isla</em></strong></span> <span class='ocrx_word' id='word_1_337' title='bbox 521 4102 689 4183; x_wconf 77' lang='lat' dir='ltr'><strong><em>seruntur:</em></strong></span> <span class='ocrx_word' id='word_1_338' title='bbox 703 4102 743 4164; x_wconf 84' lang='lat' dir='ltr'><strong><em>ln</em></strong></span> <span class='ocrx_word' id='word_1_339' title='bbox 758 4101 962 4182; x_wconf 78' lang='lat' dir='ltr'><strong><em>Eounpclium</em></strong></span> <span class='ocrx_word' id='word_1_340' title='bbox 982 4102 1135 4164; x_wconf 84' lang='lat' dir='ltr'><strong><em>Mattlraei</em></strong></span> <span class='ocrx_word' id='word_1_341' title='bbox 1157 4101 1212 4166; x_wconf 83' lang='lat' dir='ltr'><strong><em>tio.</em></strong></span> <span class='ocrx_word' id='word_1_342' title='bbox 1231 4101 1298 4166; x_wconf 87' lang='lat'><strong><em>111.</em></strong></span> <span class='ocrx_word' id='word_1_343' title='bbox 1318 4103 1363 4165; x_wconf 94' lang='lat' dir='ltr'><strong><em>De</em></strong></span> <span class='ocrx_word' id='word_1_344' title='bbox 1377 4102 1493 4184; x_wconf 67' lang='lat' dir='ltr'><strong><em>officiis</em></strong></span> <span class='ocrx_word' id='word_1_345' title='bbox 1507 4101 1650 4164; x_wconf 86' lang='lat' dir='ltr'><strong><em>ltumanis</em></strong></span> <span class='ocrx_word' id='word_1_346' title='bbox 1666 4100 1721 4163; x_wconf 83' lang='lat' dir='ltr'><strong><em>tto.</em></strong></span> <span class='ocrx_word' id='word_1_347' title='bbox 1737 4100 1768 4165; x_wconf 86' lang='lat'><strong><em>1.</em></strong></span> 
     </span>
     <span class='ocr_line' id='line_1_32' title="bbox 131 4228 1773 4311; baseline -0.004 -15"><span class='ocrx_word' id='word_1_348' title='bbox 131 4235 177 4296; x_wconf 91' lang='lat' dir='ltr'><strong><em>De</em></strong></span> <span class='ocrx_word' id='word_1_349' title='bbox 191 4232 348 4297; x_wconf 79' lang='lat' dir='ltr'><strong><em>diuisione</em></strong></span> <span class='ocrx_word' id='word_1_350' title='bbox 357 4231 498 4296; x_wconf 85' lang='lat' dir='ltr'><strong><em>Naturae</em></strong></span> <span class='ocrx_word' id='word_1_351' title='bbox 513 4230 568 4294; x_wconf 83' lang='lat' dir='ltr'><strong><em>tio.</em></strong></span> <span class='ocrx_word' id='word_1_352' title='bbox 586 4231 615 4293; x_wconf 92' lang='lat'><strong><em>1.</em></strong></span> <span class='ocrx_word' id='word_1_353' title='bbox 628 4230 701 4293; x_wconf 83' lang='lat' dir='ltr'><strong><em>Alia</em></strong></span> <span class='ocrx_word' id='word_1_354' title='bbox 722 4248 844 4311; x_wconf 79' lang='lat' dir='ltr'><strong><em>quoque</em></strong></span> <span class='ocrx_word' id='word_1_355' title='bbox 858 4228 958 4291; x_wconf 88' lang='lat' dir='ltr'><strong><em>multo</em></strong></span> <span class='ocrx_word' id='word_1_356' title='bbox 972 4230 1159 4309; x_wconf 89' lang='lat' dir='ltr'><strong><em>composuit,</em></strong></span> <span class='ocrx_word' id='word_1_357' title='bbox 1180 4248 1258 4310; x_wconf 81' lang='lat' dir='ltr'><strong><em>quae</em></strong></span> <span class='ocrx_word' id='word_1_358' title='bbox 1276 4229 1318 4291; x_wconf 91' lang='lat' dir='ltr'><strong><em>ad</em></strong></span> <span class='ocrx_word' id='word_1_359' title='bbox 1328 4231 1474 4292; x_wconf 87' lang='lat' dir='ltr'><strong><em>notitiam</em></strong></span> <span class='ocrx_word' id='word_1_360' title='bbox 1492 4248 1587 4291; x_wconf 88' lang='lat' dir='ltr'><strong><em>meam</em></strong></span> <span class='ocrx_word' id='word_1_361' title='bbox 1604 4248 1668 4291; x_wconf 91' lang='lat' dir='ltr'><strong><em>non</em></strong></span> <span class='ocrx_word' id='word_1_362' title='bbox 1683 4238 1773 4290; x_wconf 67' lang='lat' dir='ltr'><strong><em>oense·¹</em></strong></span> 
     </span>
     <span class='ocr_line' id='line_1_33' title="bbox 129 4324 1770 4447; baseline -0.001 -23"><span class='ocrx_word' id='word_1_363' title='bbox 129 4369 221 4424; x_wconf 82' lang='lat' dir='ltr'><strong><em>runt.</em></strong></span> <span class='ocrx_word' id='word_1_364' title='bbox 239 4359 365 4426; x_wconf 81' lang='lat' dir='ltr'><strong><em>ctaron</em></strong></span> <span class='ocrx_word' id='word_1_365' title='bbox 379 4367 436 4428; x_wconf 81' lang='lat' dir='ltr'><strong><em>sui</em></strong></span> <span class='ocrx_word' id='word_1_366' title='bbox 451 4364 643 4447; x_wconf 82' lang='lat' dir='ltr'><strong><em>temporibus</em></strong></span> <span class='ocrx_word' id='word_1_367' title='bbox 654 4324 764 4429; x_wconf 65' lang='lat' dir='ltr'><strong><em>Caroli</em></strong></span> <span class='ocrx_word' id='word_1_368' title='bbox 773 4365 883 4445; x_wconf 83' lang='lat' dir='ltr'><strong><em>Mapni</em></strong></span> <span class='ocrx_word' id='word_1_369' title='bbox 896 4364 1103 4443; x_wconf 85' lang='lat' dir='ltr'><strong><em>imperatoris</em></strong></span> <span class='ocrx_word' id='word_1_370' title='bbox 1115 4382 1197 4424; x_wconf 88' lang='lat' dir='ltr'><strong><em>anno</em></strong></span> <span class='ocrx_word' id='word_1_371' title='bbox 1209 4363 1338 4427; x_wconf 85' lang='lat' dir='ltr'><strong><em>Domini</em></strong></span> <span class='ocrx_word' id='word_1_372' title='bbox 1350 4364 1422 4425; x_wconf 86' lang='lat'><strong><em>800.</em></strong></span> <span class='ocrx_word' id='word_1_373' title='bbox 1437 4361 1560 4424; x_wconf 83' lang='lat' dir='ltr'><strong><em>Deinde</em></strong></span> <span class='ocrx_word' id='word_1_374' title='bbox 1576 4360 1655 4423; x_wconf 90' lang='lat' dir='ltr'><strong><em>ibid.</em></strong></span> <span class='ocrx_word' id='word_1_375' title='bbox 1666 4378 1698 4441; x_wconf 85' lang='lat' dir='ltr'><strong><em>p.</em></strong></span> <span class='ocrx_word' id='word_1_376' title='bbox 1709 4361 1770 4423; x_wconf 59' lang='lat'><strong><em>255</em></strong></span> 
     </span>
     <span class='ocr_line' id='line_1_34' title="bbox 130 4487 1771 4573; baseline -0.004 -16"><span class='ocrx_word' id='word_1_377' title='bbox 130 4489 212 4557; x_wconf 81' lang='lat' dir='ltr'><strong><em>baeu</em></strong></span> <span class='ocrx_word' id='word_1_378' title='bbox 226 4492 318 4573; x_wconf 82' lang='lat' dir='ltr'><strong><em>addit</em></strong></span> <span class='ocrx_word' id='word_1_379' title='bbox 336 4514 345 4555; x_wconf 78' lang='lat' dir='ltr'><strong><em>t</em></strong></span> <span class='ocrx_word' id='word_1_380' title='bbox 361 4495 511 4567; x_wconf 73' lang='lat' dir='ltr'><strong><em>loannes,</em></strong></span> <span class='ocrx_word' id='word_1_381' title='bbox 538 4492 642 4557; x_wconf 86' lang='lat' dir='ltr'><strong><em>dictus</em></strong></span> <span class='ocrx_word' id='word_1_382' title='bbox 663 4493 811 4573; x_wconf 78' lang='lat' dir='ltr'><strong><em>Bripcna,</em></strong></span> <span class='ocrx_word' id='word_1_383' title='bbox 843 4491 1024 4566; x_wconf 80' lang='lat' dir='ltr'><strong><em>monnellus,</em></strong></span> <span class='ocrx_word' id='word_1_384' title='bbox 1043 4489 1210 4555; x_wconf 83' lang='lat' dir='ltr'><strong><em>indivinis</em></strong></span> <span class='ocrx_word' id='word_1_385' title='bbox 1228 4488 1406 4569; x_wconf 76' lang='lat' dir='ltr'><strong><em>Scriptura</em></strong></span> <span class='ocrx_word' id='word_1_386' title='bbox 1429 4487 1550 4562; x_wconf 86' lang='lat' dir='ltr'><strong><em>doctus,</em></strong></span> <span class='ocrx_word' id='word_1_387' title='bbox 1571 4496 1599 4551; x_wconf 92' lang='lat' dir='ltr'><strong><em>el</em></strong></span> <span class='ocrx_word' id='word_1_388' title='bbox 1618 4491 1652 4550; x_wconf 88' lang='lat' dir='ltr'><strong><em>iu</em></strong></span> <span class='ocrx_word' id='word_1_389' title='bbox 1671 4488 1771 4551; x_wconf 89' lang='lat' dir='ltr'><strong><em>disci-</em></strong></span> 
     </span>
     <span class='ocr_line' id='line_1_35' title="bbox 127 4616 1768 4705; baseline -0.001 -23"><span class='ocrx_word' id='word_1_390' title='bbox 127 4619 225 4699; x_wconf 82' lang='lat' dir='ltr'><strong><em>plina</em></strong></span> <span class='ocrx_word' id='word_1_391' title='bbox 237 4621 428 4687; x_wconf 78' lang='lat' dir='ltr'><strong><em>secularium</em></strong></span> <span class='ocrx_word' id='word_1_392' title='bbox 440 4623 681 4705; x_wconf 84' lang='lat' dir='ltr'><strong><em>disciplinarum</em></strong></span> <span class='ocrx_word' id='word_1_393' title='bbox 694 4622 936 4697; x_wconf 85' lang='lat' dir='ltr'><strong><em>eruditissimus,</em></strong></span> <span class='ocrx_word' id='word_1_394' title='bbox 956 4640 1066 4703; x_wconf 78' lang='lat' dir='ltr'><strong><em>praeco</em></strong></span> <span class='ocrx_word' id='word_1_395' title='bbox 1081 4629 1109 4684; x_wconf 89' lang='lat' dir='ltr'><strong><em>et</em></strong></span> <span class='ocrx_word' id='word_1_396' title='bbox 1134 4620 1235 4683; x_wconf 89' lang='lat' dir='ltr'><strong><em>latino</em></strong></span> <span class='ocrx_word' id='word_1_397' title='bbox 1250 4616 1429 4698; x_wconf 85' lang='lat' dir='ltr'><strong><em>adplenum</em></strong></span> <span class='ocrx_word' id='word_1_398' title='bbox 1443 4616 1618 4679; x_wconf 86' lang='lat' dir='ltr'><strong><em>instructus</em></strong></span> <span class='ocrx_word' id='word_1_399' title='bbox 1632 4616 1768 4697; x_wconf 78' lang='lat' dir='ltr'><strong><em>eloquio.</em></strong></span> 
     </span>
     <span class='ocr_line' id='line_1_36' title="bbox 132 4745 1770 4833; baseline -0.004 -21"><span class='ocrx_word' id='word_1_400' title='bbox 132 4750 263 4830; x_wconf 74' lang='lat' dir='ltr'><strong><em>ispanio</em></strong></span> <span class='ocrx_word' id='word_1_401' title='bbox 277 4750 417 4827; x_wconf 78' lang='lat' dir='ltr'><strong><em>subtilis,</em></strong></span> <span class='ocrx_word' id='word_1_402' title='bbox 435 4769 573 4814; x_wconf 88' lang='lat' dir='ltr'><strong><em>sermons</em></strong></span> <span class='ocrx_word' id='word_1_403' title='bbox 589 4753 793 4833; x_wconf 88' lang='lat' dir='ltr'><strong><em>compositus,</em></strong></span> <span class='ocrx_word' id='word_1_404' title='bbox 804 4752 934 4833; x_wconf 74' lang='lat' dir='ltr'><strong><em>iubente</em></strong></span> <span class='ocrx_word' id='word_1_405' title='bbox 950 4750 1078 4826; x_wconf 81' lang='lat' dir='ltr'><strong><em>Corolo,</em></strong></span> <span class='ocrx_word' id='word_1_406' title='bbox 1102 4750 1169 4830; x_wconf 77' lang='lat' dir='ltr'><strong><em>filio</em></strong></span> <span class='ocrx_word' id='word_1_407' title='bbox 1188 4748 1362 4824; x_wconf 74' lang='lat' dir='ltr'><strong><em>ludowici,</em></strong></span> <span class='ocrx_word' id='word_1_408' title='bbox 1379 4750 1479 4828; x_wconf 76' lang='lat' dir='ltr'><strong><em>fratre</em></strong></span> <span class='ocrx_word' id='word_1_409' title='bbox 1501 4745 1647 4808; x_wconf 74' lang='lat' dir='ltr'><strong><em>lotharii</em></strong></span> <span class='ocrx_word' id='word_1_410' title='bbox 1662 4745 1770 4823; x_wconf 83' lang='lat' dir='ltr'><strong><em>impc-</em></strong></span> 
     </span>
     <span class='ocr_line' id='line_1_37' title="bbox 133 4873 1772 4961; baseline -0.002 -23"><span class='ocrx_word' id='word_1_411' title='bbox 133 4880 270 4941; x_wconf 85' lang='lat' dir='ltr'><strong><em>ratoris.</em></strong></span> <span class='ocrx_word' id='word_1_412' title='bbox 289 4880 455 4944; x_wconf 86' lang='lat' dir='ltr'><strong><em>lronstnlit</em></strong></span> <span class='ocrx_word' id='word_1_413' title='bbox 472 4882 507 4945; x_wconf 87' lang='lat' dir='ltr'><strong><em>iu</em></strong></span> <span class='ocrx_word' id='word_1_414' title='bbox 522 4883 671 4947; x_wconf 81' lang='lat' dir='ltr'><strong><em>Latinum</em></strong></span> <span class='ocrx_word' id='word_1_415' title='bbox 685 4907 696 4948; x_wconf 90' lang='lat'><strong><em>.·</em></strong></span> <span class='ocrx_word' id='word_1_416' title='bbox 711 4884 902 4947; x_wconf 70' lang='lat' dir='ltr'><strong><em>ierarchiam</em></strong></span> <span class='ocrx_word' id='word_1_417' title='bbox 917 4889 945 4944; x_wconf 91' lang='lat' dir='ltr'><strong><em>ct</em></strong></span> <span class='ocrx_word' id='word_1_418' title='bbox 960 4881 1060 4944; x_wconf 80' lang='lat' dir='ltr'><strong><em>lilsros</em></strong></span> <span class='ocrx_word' id='word_1_419' title='bbox 1074 4881 1220 4961; x_wconf 78' lang='lat' dir='ltr'><strong><em>Dionysii</em></strong></span> <span class='ocrx_word' id='word_1_420' title='bbox 1246 4879 1302 4944; x_wconf 82' lang='lat' dir='ltr'><strong><em>tto.</em></strong></span> <span class='ocrx_word' id='word_1_421' title='bbox 1324 4879 1380 4942; x_wconf 75' lang='grc' dir='ltr'><strong><em>ΙΙ.</em></strong></span> <span class='ocrx_word' id='word_1_422' title='bbox 1395 4875 1532 4956; x_wconf 81' lang='lat' dir='ltr'><strong><em>Scripsit</em></strong></span> <span class='ocrx_word' id='word_1_423' title='bbox 1549 4893 1643 4955; x_wconf 88' lang='lat' dir='ltr'><strong><em>super</em></strong></span> <span class='ocrx_word' id='word_1_424' title='bbox 1660 4873 1772 4936; x_wconf 90' lang='lat' dir='ltr'><strong><em>eisdem</em></strong></span> 
     </span>
     <span class='ocr_line' id='line_1_38' title="bbox 136 4997 1771 5094; baseline -0.004 -23"><span class='ocrx_word' id='word_1_425' title='bbox 136 5008 196 5073; x_wconf 86' lang='lat' dir='ltr'><strong><em>lib.</em></strong></span> <span class='ocrx_word' id='word_1_426' title='bbox 211 5011 270 5074; x_wconf 84' lang='lat' dir='ltr'><strong><em>tv.</em></strong></span> <span class='ocrx_word' id='word_1_427' title='bbox 282 5012 323 5073; x_wconf 81' lang='lat' dir='ltr'><strong><em>Bt</em></strong></span> <span class='ocrx_word' id='word_1_428' title='bbox 330 5013 481 5094; x_wconf 73' lang='lat' dir='ltr'><strong><em>quosdam</em></strong></span> <span class='ocrx_word' id='word_1_429' title='bbox 495 5013 569 5076; x_wconf 89' lang='lat' dir='ltr'><strong><em>alia.</em></strong></span> <span class='ocrx_word' id='word_1_430' title='bbox 581 5014 606 5078; x_wconf 88' lang='lat' dir='ltr'><em>C</em></span> <span class='ocrx_word' id='word_1_431' title='bbox 608 5013 705 5076; x_wconf 89' lang='lat' dir='ltr'><strong><em>laruit</em></strong></span> <span class='ocrx_word' id='word_1_432' title='bbox 716 5015 773 5078; x_wconf 83' lang='lat' dir='ltr'><strong><em>sul</em></strong></span> <span class='ocrx_word' id='word_1_433' title='bbox 783 4997 934 5077; x_wconf 75' lang='lat' dir='ltr'><strong><em>Latiaris</em></strong></span> <span class='ocrx_word' id='word_1_434' title='bbox 946 5015 1139 5094; x_wconf 85' lang='lat' dir='ltr'><strong><em>Imperatore</em></strong></span> <span class='ocrx_word' id='word_1_435' title='bbox 1148 5030 1230 5073; x_wconf 90' lang='lat' dir='ltr'><strong><em>anno</em></strong></span> <span class='ocrx_word' id='word_1_436' title='bbox 1241 5009 1367 5071; x_wconf 90' lang='lat' dir='ltr'><strong><em>Domini</em></strong></span> <span class='ocrx_word' id='word_1_437' title='bbox 1376 5009 1446 5072; x_wconf 78' lang='lat'><strong><em>850.</em></strong></span> <span class='ocrx_word' id='word_1_438' title='bbox 1461 5005 1581 5068; x_wconf 81' lang='lat' dir='ltr'><strong><em>Pariter</em></strong></span> <span class='ocrx_word' id='word_1_439' title='bbox 1592 5004 1626 5065; x_wconf 90' lang='lat' dir='ltr'><strong><em>in</em></strong></span> <span class='ocrx_word' id='word_1_440' title='bbox 1640 5002 1721 5066; x_wconf 88' lang='lat' dir='ltr'><strong><em>libro</em></strong></span> <span class='ocrx_word' id='word_1_441' title='bbox 1731 5003 1771 5065; x_wconf 89' lang='lat' dir='ltr'><strong><em>de</em></strong></span> 
     </span>
     <span class='ocr_line' id='line_1_39' title="bbox 136 5106 1769 5224; baseline -0.004 -24"><span class='ocrx_word' id='word_1_442' title='bbox 136 5139 215 5204; x_wconf 80' lang='lat' dir='ltr'><strong><em>siris</em></strong></span> <span class='ocrx_word' id='word_1_443' title='bbox 228 5139 414 5206; x_wconf 85' lang='lat' dir='ltr'><strong><em>illustribus</em></strong></span> <span class='ocrx_word' id='word_1_444' title='bbox 426 5142 591 5206; x_wconf 85' lang='lat' dir='ltr'><strong><em>ardinisS.</em></strong></span> <span class='ocrx_word' id='word_1_445' title='bbox 603 5144 766 5208; x_wconf 82' lang='lat' dir='ltr'><strong><em>Benedicti</em></strong></span> <span class='ocrx_word' id='word_1_446' title='bbox 779 5144 835 5207; x_wconf 87' lang='lat' dir='ltr'><strong><em>lib.</em></strong></span> <span class='ocrx_word' id='word_1_447' title='bbox 855 5143 883 5205; x_wconf 96' lang='grc' dir='ltr'><strong><em>ΙΙ</em></strong></span> <span class='ocrx_word' id='word_1_448' title='bbox 897 5160 967 5224; x_wconf 82' lang='lat' dir='ltr'><strong><em>cap.</em></strong></span> <span class='ocrx_word' id='word_1_449' title='bbox 980 5143 1020 5205; x_wconf 75' lang='lat' dir='ltr'><strong><em>nt</em></strong></span> <span class='ocrx_word' id='word_1_450' title='bbox 1037 5143 1100 5207; x_wconf 82' lang='lat' dir='ltr'><strong><em>hoc</em></strong></span> <span class='ocrx_word' id='word_1_451' title='bbox 1114 5141 1208 5205; x_wconf 85' lang='lat' dir='ltr'><strong><em>tilulo</em></strong></span> <span class='ocrx_word' id='word_1_452' title='bbox 1223 5106 1291 5201; x_wconf 85' lang='lat' dir='ltr'><strong><em>:De</em></strong></span> <span class='ocrx_word' id='word_1_453' title='bbox 1303 5139 1424 5200; x_wconf 76' lang='lat' dir='ltr'><strong><em>Ioanne</em></strong></span> <span class='ocrx_word' id='word_1_454' title='bbox 1434 5140 1528 5201; x_wconf 88' lang='lat' dir='ltr'><strong><em>Scato</em></strong></span> <span class='ocrx_word' id='word_1_455' title='bbox 1551 5134 1630 5197; x_wconf 88' lang='lat' dir='ltr'><strong><em>haec</em></strong></span> <span class='ocrx_word' id='word_1_456' title='bbox 1660 5132 1769 5195; x_wconf 87' lang='lat' dir='ltr'><strong><em>tradit:</em></strong></span> 
     </span>
     <span class='ocr_line' id='line_1_40' title="bbox 137 5261 1772 5352; baseline -0.004 -23"><span class='ocrx_word' id='word_1_457' title='bbox 137 5268 277 5332; x_wconf 73' lang='lat' dir='ltr'><strong><em>loannes</em></strong></span> <span class='ocrx_word' id='word_1_458' title='bbox 292 5270 407 5333; x_wconf 85' lang='lat' dir='ltr'><strong><em>Scalas</em></strong></span> <span class='ocrx_word' id='word_1_459' title='bbox 422 5271 602 5347; x_wconf 84' lang='lat' dir='ltr'><strong><em>monaclsus,</em></strong></span> <span class='ocrx_word' id='word_1_460' title='bbox 620 5272 654 5333; x_wconf 89' lang='lat' dir='ltr'><strong><em>in</em></strong></span> <span class='ocrx_word' id='word_1_461' title='bbox 670 5271 787 5352; x_wconf 76' lang='lat' dir='ltr'><strong><em>duolio</em></strong></span> <span class='ocrx_word' id='word_1_462' title='bbox 807 5268 938 5333; x_wconf 89' lang='lat' dir='ltr'><strong><em>auditor</em></strong></span> <span class='ocrx_word' id='word_1_463' title='bbox 954 5268 1140 5332; x_wconf 81' lang='lat' dir='ltr'><strong><em>venerabilis</em></strong></span> <span class='ocrx_word' id='word_1_464' title='bbox 1161 5264 1258 5328; x_wconf 90' lang='lat' dir='ltr'><strong><em>Bedae</em></strong></span> <span class='ocrx_word' id='word_1_465' title='bbox 1278 5262 1467 5345; x_wconf 74' lang='lat' dir='ltr'><strong><em>preshyteri,</em></strong></span> <span class='ocrx_word' id='word_1_466' title='bbox 1484 5266 1588 5327; x_wconf 87' lang='lat' dir='ltr'><strong><em>socius</em></strong></span> <span class='ocrx_word' id='word_1_467' title='bbox 1608 5270 1636 5325; x_wconf 93' lang='lat' dir='ltr'><strong><em>et</em></strong></span> <span class='ocrx_word' id='word_1_468' title='bbox 1653 5261 1772 5341; x_wconf 82' lang='lat' dir='ltr'><strong><em>collepa</em></strong></span> 
     </span>
     <span class='ocr_line' id='line_1_41' title="bbox 139 5384 1772 5484; baseline -0.004 -26"><span class='ocrx_word' id='word_1_469' title='bbox 139 5394 263 5461; x_wconf 61' lang='lat' dir='ltr'><strong><em>damni</em></strong></span> <span class='ocrx_word' id='word_1_470' title='bbox 280 5399 409 5463; x_wconf 78' lang='lat' dir='ltr'><strong><em>Alcuini</em></strong></span> <span class='ocrx_word' id='word_1_471' title='bbox 427 5403 496 5484; x_wconf 72' lang='lat' dir='ltr'><strong><em>iarn</em></strong></span> <span class='ocrx_word' id='word_1_472' title='bbox 520 5399 609 5475; x_wconf 89' lang='lat' dir='ltr'><strong><em>dieti,</em></strong></span> <span class='ocrx_word' id='word_1_473' title='bbox 632 5400 743 5463; x_wconf 88' lang='lat' dir='ltr'><strong><em>oirin</em></strong></span> <span class='ocrx_word' id='word_1_474' title='bbox 770 5399 887 5463; x_wconf 87' lang='lat' dir='ltr'><strong><em>diuinis</em></strong></span> <span class='ocrx_word' id='word_1_475' title='bbox 909 5399 1088 5480; x_wconf 71' lang='lat' dir='ltr'><strong><em>scripturis</em></strong></span> <span class='ocrx_word' id='word_1_476' title='bbox 1112 5384 1323 5469; x_wconf 86' lang='lat' dir='ltr'><strong><em>doctissimus,</em></strong></span> <span class='ocrx_word' id='word_1_477' title='bbox 1352 5401 1379 5456; x_wconf 90' lang='lat' dir='ltr'><strong><em>et</em></strong></span> <span class='ocrx_word' id='word_1_478' title='bbox 1401 5394 1436 5456; x_wconf 88' lang='lat' dir='ltr'><strong><em>in</em></strong></span> <span class='ocrx_word' id='word_1_479' title='bbox 1454 5392 1646 5457; x_wconf 81' lang='lat' dir='ltr'><strong><em>secularibus</em></strong></span> <span class='ocrx_word' id='word_1_480' title='bbox 1670 5390 1772 5454; x_wconf 89' lang='lat' dir='ltr'><strong><em>literis</em></strong></span> 
     </span>
     <span class='ocr_line' id='line_1_42' title="bbox 139 5520 1773 5614; baseline -0.007 -21"><span class='ocrx_word' id='word_1_481' title='bbox 139 5530 303 5612; x_wconf 69' lang='lat' dir='ltr'><strong><em>mopniplce</em></strong></span> <span class='ocrx_word' id='word_1_482' title='bbox 315 5532 501 5609; x_wconf 82' lang='lat' dir='ltr'><strong><em>instructus,</em></strong></span> <span class='ocrx_word' id='word_1_483' title='bbox 519 5539 649 5614; x_wconf 77' lang='lat' dir='ltr'><strong><em>scripsit</em></strong></span> <span class='ocrx_word' id='word_1_484' title='bbox 666 5551 731 5596; x_wconf 88' lang='lat' dir='ltr'><strong><em>non</em></strong></span> <span class='ocrx_word' id='word_1_485' title='bbox 744 5531 979 5595; x_wconf 89' lang='lat' dir='ltr'><strong><em>contemnendae</em></strong></span> <span class='ocrx_word' id='word_1_486' title='bbox 993 5531 1137 5593; x_wconf 89' lang='lat' dir='ltr'><strong><em>lectionis</em></strong></span> <span class='ocrx_word' id='word_1_487' title='bbox 1154 5529 1319 5610; x_wconf 87' lang='lat' dir='ltr'><strong><em>opuscula,</em></strong></span> <span class='ocrx_word' id='word_1_488' title='bbox 1339 5526 1504 5609; x_wconf 79' lang='lat' dir='ltr'><strong><em>dequibus</em></strong></span> <span class='ocrx_word' id='word_1_489' title='bbox 1521 5523 1563 5586; x_wconf 93' lang='lat' dir='ltr'><strong><em>od</em></strong></span> <span class='ocrx_word' id='word_1_490' title='bbox 1579 5538 1675 5584; x_wconf 88' lang='lat' dir='ltr'><strong><em>meam</em></strong></span> <span class='ocrx_word' id='word_1_491' title='bbox 1687 5520 1773 5582; x_wconf 89' lang='lat' dir='ltr'><strong><em>nati·</em></strong></span> 
     </span>
    </p>
   </div>
   <div class='ocr_carea' id='block_1_12' title="bbox 142 5638 1776 5870">
    <p class='ocr_par' dir='ltr' id='par_1_14' title="bbox 142 5638 1776 5870">
     <span class='ocr_line' id='line_1_43' title="bbox 142 5638 1774 5749; baseline -0.007 -26"><span class='ocrx_word' id='word_1_492' title='bbox 142 5660 220 5722; x_wconf 89' lang='lat' dir='ltr'><strong><em>tiam</em></strong></span> <span class='ocrx_word' id='word_1_493' title='bbox 234 5679 339 5742; x_wconf 87' lang='lat' dir='ltr'><strong><em>pauca</em></strong></span> <span class='ocrx_word' id='word_1_494' title='bbox 348 5671 556 5742; x_wconf 80' lang='lat' dir='ltr'><strong><em>persenserunt</em></strong></span> <span class='ocrx_word' id='word_1_495' title='bbox 572 5685 584 5726; x_wconf 90' lang='grc'><strong><em>.·</em></strong></span> <span class='ocrx_word' id='word_1_496' title='bbox 599 5663 640 5726; x_wconf 83' lang='lat' dir='ltr'><strong><em>In</em></strong></span> <span class='ocrx_word' id='word_1_497' title='bbox 655 5662 859 5749; x_wconf 76' lang='lat' dir='ltr'><strong><em>Eoonoelium</em></strong></span> <span class='ocrx_word' id='word_1_498' title='bbox 877 5661 991 5725; x_wconf 86' lang='lat' dir='ltr'><strong><em>Mattlt.</em></strong></span> <span class='ocrx_word' id='word_1_499' title='bbox 1009 5659 1064 5723; x_wconf 80' lang='grc' dir='ltr'>ΙΙΙ).</span> <span class='ocrx_word' id='word_1_500' title='bbox 1080 5638 1138 5723; x_wconf 72' lang='lat' dir='ltr'><strong><em>IV.</em></strong></span> <span class='ocrx_word' id='word_1_501' title='bbox 1153 5660 1196 5721; x_wconf 94' lang='lat' dir='ltr'><strong><em>De</em></strong></span> <span class='ocrx_word' id='word_1_502' title='bbox 1213 5660 1327 5741; x_wconf 70' lang='lat' dir='ltr'><strong><em>officiis</em></strong></span> <span class='ocrx_word' id='word_1_503' title='bbox 1348 5658 1490 5720; x_wconf 75' lang='lat' dir='ltr'><strong><em>humanis</em></strong></span> <span class='ocrx_word' id='word_1_504' title='bbox 1505 5655 1559 5719; x_wconf 80' lang='lat' dir='ltr'><strong><em>tto.</em></strong></span> <span class='ocrx_word' id='word_1_505' title='bbox 1575 5655 1617 5718; x_wconf 83' lang='lat'><strong><em>1:</em></strong></span> <span class='ocrx_word' id='word_1_506' title='bbox 1631 5660 1659 5715; x_wconf 89' lang='lat' dir='ltr'><strong><em>et</em></strong></span> <span class='ocrx_word' id='word_1_507' title='bbox 1674 5649 1774 5714; x_wconf 90' lang='lat' dir='ltr'><strong><em>mulla</em></strong></span> 
     </span>
     <span class='ocr_line' id='line_1_44' title="bbox 142 5775 1776 5870; baseline -0.009 -17"><span class='ocrx_word' id='word_1_508' title='bbox 142 5787 219 5854; x_wconf 86' lang='lat' dir='ltr'><strong><em>olio.</em></strong></span> <span class='ocrx_word' id='word_1_509' title='bbox 247 5789 372 5855; x_wconf 74' lang='lat' dir='ltr'><strong><em>claruit</em></strong></span> <span class='ocrx_word' id='word_1_510' title='bbox 396 5806 477 5853; x_wconf 89' lang='lat' dir='ltr'><strong><em>anno</em></strong></span> <span class='ocrx_word' id='word_1_511' title='bbox 495 5787 622 5870; x_wconf 81' lang='lat' dir='ltr'><strong><em>Domini</em></strong></span> <span class='ocrx_word' id='word_1_512' title='bbox 642 5789 703 5855; x_wconf 77' lang='lat'><strong><em>780</em></strong></span> <span class='ocrx_word' id='word_1_513' title='bbox 722 5788 778 5853; x_wconf 85' lang='lat' dir='ltr'><strong><em>sul</em></strong></span> <span class='ocrx_word' id='word_1_514' title='bbox 804 5787 930 5855; x_wconf 74' lang='lat' dir='ltr'><strong><em>carolo.</em></strong></span> <span class='ocrx_word' id='word_1_515' title='bbox 948 5786 1074 5864; x_wconf 84' lang='lat' dir='ltr'><strong><em>Quibus</em></strong></span> <span class='ocrx_word' id='word_1_516' title='bbox 1098 5786 1120 5851; x_wconf 91' lang='lat' dir='ltr'><strong><em>l.</em></strong></span> <span class='ocrx_word' id='word_1_517' title='bbox 1141 5786 1163 5852; x_wconf 93' lang='lat' dir='ltr'><strong><em>l.</em></strong></span> <span class='ocrx_word' id='word_1_518' title='bbox 1184 5785 1240 5850; x_wconf 87' lang='lat' dir='ltr'><strong><em>lib.</em></strong></span> <span class='ocrx_word' id='word_1_519' title='bbox 1260 5784 1315 5861; x_wconf 88' lang='lat' dir='ltr'><strong><em>lii,</em></strong></span> <span class='ocrx_word' id='word_1_520' title='bbox 1332 5799 1400 5864; x_wconf 86' lang='lat' dir='ltr'><strong><em>cap.</em></strong></span> <span class='ocrx_word' id='word_1_521' title='bbox 1418 5780 1479 5845; x_wconf 77' lang='lat' dir='ltr'><strong><em>utu</em></strong></span> <span class='ocrx_word' id='word_1_522' title='bbox 1495 5780 1557 5848; x_wconf 83' lang='lat' dir='ltr'><strong><em>hoo</em></strong></span> <span class='ocrx_word' id='word_1_523' title='bbox 1580 5776 1687 5844; x_wconf 83' lang='lat' dir='ltr'><strong><em>indiae</em></strong></span> <span class='ocrx_word' id='word_1_524' title='bbox 1705 5795 1714 5838; x_wconf 84' lang='lat' dir='ltr'><strong><em>t</em></strong></span> <span class='ocrx_word' id='word_1_525' title='bbox 1729 5775 1776 5839; x_wconf 91' lang='lat' dir='ltr'><strong><em>Ds</em></strong></span> 
     </span>
    </p>
   </div>
   <div class='ocr_carea' id='block_1_13' title="bbox 0 0 2102 6625">
    <p class='ocr_par' dir='ltr' id='par_1_15' title="bbox 0 0 2102 6625">
     <span class='ocr_line' id='line_1_45' title="bbox 0 0 2102 6625; baseline 0 0"><span class='ocrx_word' id='word_1_526' title='bbox 0 0 2102 6625; x_wconf 95' lang='lat' dir='ltr'><strong><em> </em></strong></span> 
     </span>
    </p>
   </div>
  </div>
 </body>
</html>
