4167 6625
103 508 160 568 92¹
533 505 577 563 bb
595 503 766 564 btttstttttb
784 502 962 563 barbate.
981 533 1018 545 -
1034 502 1137 560 LIBER
1155 500 1321 572 qbtrtttts.
1694 507 1748 564 922

102 621 215 680 scilieet
227 626 310 688 atqm
331 618 340 650 ¹
355 617 504 683 humanae.
529 634 563 675 er
578 618 676 688 quibas
688 632 759 674 nnus
777 616 941 685 ChristusA
955 614 1080 671 deiicere.
1095 613 1194 669 Eadem
1205 621 1248 669 est
1260 610 1330 668 ratio
1341 610 1398 667 ⁸de
1409 622 1497 670 morte
1509 624 1537 670 et
1547 614 1613 669 uita.
1634 614 1662 671 Si
1674 618 1746 674 enirn

102 712 241 769 Dominus
261 716 357 765 noster
374 717 457 778 atque
480 706 605 765 Salvator
628 716 755 765 constare
781 708 902 767 creditur
950 704 1062 763 omnino
1075 706 1086 739 ⁸
1099 702 1280 759 absorbebitur
1294 720 1364 759 mers
1378 720 1394 757 a
1409 705 1478 771 ritu,
1491 705 1718 775 quemadmodum
1731 724 1747 764 a

101 810 136 858 et
154 797 315 870 intelligitur
332 797 367 854 ab
384 796 448 864 bis,
473 797 520 868 qui
537 796 706 855 orthodoxae
725 797 787 856 bdei
815 798 902 871 parti·
950 796 1073 855 bonitate
1093 795 1198 852 malitia
1217 804 1246 852 et
1263 811 1279 851 a
1299 795 1468 853 beatitudine
1490 798 1622 856 miseria:
1646 801 1709 872 quis
1729 817 1745 858 a

99 891 183 963 cipes
195 899 278 953 sunt,
293 905 327 945 an
342 889 414 943 intra
428 888 559 945 terminos
573 888 762 947 universitatis
776 890 902 947 conditae
951 898 1039 948 inerte
1056 898 1085 945 et
1103 888 1214 945 miseria
1234 890 1417 958 torquebitur,
1437 892 1547 962 quanda
1562 901 1639 949 entra
1658 894 1745 951 uitam

99 978 265 1038 rationabili
278 987 307 1036 et
320 976 483 1050 intelligibili
500 985 616 1034 naturae
636 978 827 1051 cognoscibilis
846 979 902 1035 cir-
950 989 979 1037 et
995 980 1190 1038 beatimdinem
1207 994 1288 1036 nemo
1312 982 1460 1038 residebit?
1473 983 1502 1040 Si
1515 999 1580 1041 vern
1594 986 1656 1056 quis
1668 1002 1742 1045 asse·

98 1070 313 1136 conscribitur,
327 1069 380 1126 boc
397 1077 460 1135 est,
480 1068 551 1125 intra
567 1084 695 1127 numeros
708 1070 755 1141 qui
774 1071 901 1143 cognosci
950 1074 1047 1139 ruerit,
1057 1081 1164 1145 partem
1178 1071 1314 1130 humanae
1324 1082 1436 1131 naturae
1448 1076 1475 1130 in
1487 1076 1572 1133 mum
1583 1078 1744 1148 redituram,

96 1169 223 1233 possunt
233 1161 376 1227 detinetur,
386 1158 743 1232 utnusquisque¹preutvuit
753 1175 901 1218 suamsen·
949 1172 1056 1234 partem
1071 1164 1098 1219 in
1116 1163 1212 1235 peenis
1221 1179 1328 1235 semper
1340 1180 1497 1223 mansuram
1508 1184 1517 1223 ε
1528 1178 1631 1240 quanta
1641 1170 1746 1227 inconn-

96 1254 222 1310 tentiam
240 1252 368 1324 proterat.
394 1252 450 1324 Epo
475 1260 566 1309 autent
586 1252 774 1339 incunctanter
787 1252 901 1325 vestigia
951 1257 1042 1322 moda,
1058 1272 1194 1329 ueraeque
1206 1258 1305 1315 rationi
1320 1259 1483 1317 reluctantia
1496 1264 1674 1320 assertionem
1687 1266 1746 1338 ejus

88 1357 202 1423 ‚comm
217 1356 327 1413 amaror,
342 1341 389 1413 qui
406 1356 460 1398 non
480 1350 581 1398 temere
599 1343 758 1415 praedicant
775 1343 901 1399 bnmani·
950 1349 1174 1419 consequentur?
1199 1347 1319 1422 cogetur
1346 1351 1481 1423 siquidem
1510 1353 1609 1422 interi,
1626 1355 1710 1413 ὓιυιιι
1725 1357 1746 1388 ¹⁸

94 1440 189 1489 umtn
203 1432 311 1489 marini
326 1433 410 1491 nostri
424 1430 488 1490 besu
499 1432 601 1490 Christi
616 1449 682 1491 suae
693 1433 827 1490 divinitati
840 1435 901 1491 uni·
949 1436 1069 1497 llerbum
1081 1455 1136 1497 nnn
1151 1448 1235 1498 totam
1251 1442 1399 1499 humanam
1418 1453 1555 1513 naturam,
1570 1446 1618 1505 sed
1640 1457 1745 1519 partem

94 1530 175 1588 um,
189 1520 227 1576 ita
243 1529 274 1577 nt
287 1537 387 1587 unum,
404 1521 481 1580 saiva
495 1532 653 1579 naturarum
667 1524 784 1593 ratione,
797 1524 826 1581 in
840 1523 899 1597 ipsa
949 1527 1008 1598 elus
1022 1530 1185 1602 sumpsisse,
1197 1533 1371 1617 superdueo
1388 1549 1476 1605 neque
1497 1544 1582 1592 totum
1597 1537 1745 1593 humanum

91 1622 128 1670 et
139 1629 203 1670 mm
216 1613 275 1686 ipsa
291 1614 341 1682 sit,
358 1613 487 1685 quoniam
503 1630 557 1671 nna
574 1616 726 1672 substantia
745 1623 802 1683 est,
822 1625 851 1673 et
868 1623 899 1673 ut
949 1632 1036 1692 penus
1046 1620 1153 1677 salvare
1164 1621 1294 1689 voluisse,
1307 1638 1358 1679 nee
1367 1624 1502 1692 salvasse3
1512 1628 1583 1696 qnod
1598 1628 1744 1684 absurdum

93 1702 231 1760 usitatius
248 1702 354 1771 dicam,
374 1719 428 1761 nna
443 1719 559 1777 persona
576 1704 732 1761 humanitas
748 1703 852 1763 Christi
870 1713 899 1763 et
948 1711 1071 1768 credere.
1087 1709 1158 1767 Vera
1174 1710 1240 1768 item
1262 1713 1332 1769 ratio
1343 1728 1467 1786 puraque
1486 1731 1577 1772 rerum
1596 1718 1745 1789 speculatio

92 1791 240 1852 divirdtas.
254 1793 290 1850 tn
307 1796 537 1867 quemadmodum
556 1797 686 1854 divinitas
707 1794 767 1867 ejus
788 1812 897 1854 emnem
948 1815 1012 1858 eum
1038 1801 1172 1859 deridebit
1198 1802 1400 1874 simplieitatem
1426 1804 1561 1862 humanae
1582 1815 1697 1864 naturae
1716 1809 1745 1864 in

92 1894 214 1956 superat
231 1887 418 1956 intellectum,
435 1888 473 1945 ita
490 1898 518 1946 et
534 1890 708 1959 humanitas,
726 1904 797 1961 quae
814 1904 898 1961 super
947 1900 1041 1964 partes
1053 1894 1075 1927 ¹¹
1089 1893 1265 1961 dividentem,
1277 1910 1310 1951 ae
1320 1895 1403 1953 veluti
1415 1913 1449 1954 er
1461 1898 1555 1955 multis
1568 1898 1745 1956 dissimilibus

92 1980 338 2040 universalitatem
358 1984 473 2041 risibilis
490 1993 519 2042 et
536 1985 714 2058 intelligibilis
731 1986 991 2055 creaturae,13rei
1006 1985 1141 2044 similibus
1161 1987 1341 2058 compositam
1365 2003 1430 2046 esse
1452 1990 1607 2059 docentem,
1630 1992 1745 2049 comsit

90 2075 286 2143 superomnia
299 2074 359 2133 ioca
371 2084 399 2132 et
411 2086 551 2148 tempora,
566 2092 649 2149 super
659 2091 768 2134 omnem
780 2077 895 2135 circum·
945 2092 1010 2143 una,
1025 2083 1054 2132 et
1070 2075 1195 2147 simplex,
1208 2077 1338 2148 nmtrique
1357 2078 1552 2149 compositione
1563 2087 1592 2137 et
1602 2079 1742 2137 dissimili-

92 2163 281 2235 scriptionem
297 2174 326 2222 et
344 2165 549 2234 definitionem,
570 2181 652 2239 super
669 2182 764 2225 omnes
782 2166 894 2234 caelos,
946 2168 1038 2224 tudine
1048 2176 1077 2225 et
1091 2167 1290 2239 multiplicitate
1301 2169 1419 2238 partium
1433 2167 1518 2225 libera
1536 2190 1543 2225 ι
1558 2171 1677 2242 alioquin
1690 2187 1743 2229 non

94 2268 184 2326 snper
197 2270 293 2313 omnes
315 2256 430 2315 uirtutes
453 2267 482 2314 et
503 2267 667 2329 potestates,
692 2258 775 2329 supei·
797 2273 893 2324 omne,
941 2256 997 2329 lam
1017 2260 1050 2316 ad
1065 2259 1213 2331 imaginem
1227 2259 1358 2316 betiaco
1371 2272 1424 2327 est,
1438 2261 1486 2317 sed
1498 2262 1533 2317 ad
1547 2263 1743 2331 mortaliumet

93 2345 173 2415 quod
187 2345 330 2404 dicituret
344 2347 513 2420 intelligitur,
530 2363 722 2420 superomne,
743 2350 817 2421 qued
830 2359 895 2421 post
942 2348 1160 2421 corruptibilium
1174 2363 1320 2419 corporum
1344 2348 1539 2407 multiformem
1568 2352 1739 2419 varietatem,

91 2435 186 2492 mum
199 2445 258 2505 est,
272 2437 392 2495 eralmta
406 2429 492 2497 est'et
504 2441 836 2511 superessentialium,
851 2451 894 2499 cst
943 2437 1015 2510 quod
1024 2437 1182 2495 existimare
1194 2447 1222 2493 et
1236 2439 1425 2496 stultissimum
1437 2448 1490 2507 est,
1501 2450 1529 2496 et
1541 2442 1740 2512 turpissimum,

94 2526 180 2581 omni
192 2537 334 2586 creaturae
346 2531 628 2602 incomprehensibilis
646 2542 674 2589 et
690 2534 893 2605 ininvestigabi·
942 2530 1117 2587 etomninoa
1139 2531 1162 2563 ¹¹
1177 2531 1292 2587 ueritate
1311 2531 1439 2586 alienum.
1465 2531 1551 2589 Porro
1576 2535 1598 2590 si
1622 2535 1740 2591 bumana

91 2614 144 2672 lis·
157 2615 192 2673 Et
204 2619 256 2676 buc
268 2619 296 2675 in
308 2622 439 2693 superiori
453 2621 534 2692 buius
545 2624 637 2695 operis
649 2631 724 2681 testu
737 2624 890 2683 docuimus.
942 2629 1038 2677 natura
1053 2621 1142 2694 imago
1158 2629 1186 2678 et
1205 2620 1355 2678 similitudo
1367 2620 1416 2678 bct
1434 2632 1488 2691 est,
1502 2623 1626 2695 proiecta
1639 2634 1668 2681 et
1681 2635 1737 2682 tota

133 2707 182 2763 st.
209 2709 283 2766 bisc.
308 2712 345 2769 tte
367 2713 534 2772 exaltatione
558 2715 694 2772 inminui
720 2717 803 2773 verbi
827 2733 891 2775 cum
940 2726 990 2782 per
1016 2721 1102 2769 totum
1117 2712 1144 2766 tn
1160 2726 1190 2768 se
1203 2711 1226 2744 ¹⁸
1240 2711 1298 2782 ipsa
1309 2721 1359 2778 est.
1375 2721 1403 2769 et
1418 2722 1474 2770 tata
1490 2714 1516 2770 in
1540 2715 1654 2788 singuiis
1676 2732 1737 2774 eam

90 2814 198 2866 arne,
213 2816 294 2872 quam
316 2803 349 2860 de
365 2805 476 2877 Virgine
500 2805 621 2876 aceepit,
647 2814 758 2876 totoque
779 2806 891 2865 bomine
940 2803 1178 2876 participantibus,
1193 2803 1296 2860 nubam
1311 2804 1338 2859 in
1363 2804 1451 2875 seipsa
1465 2805 1509 2860 uei
1521 2805 1549 2861 in
1564 2806 1656 2877 aliquo
1669 2823 1736 2865 snae

90 2889 222 2961 copulata
236 2892 289 2948 sibi
303 2893 331 2948 in
352 2895 485 2951 unitatem
506 2896 675 2954 numantiae
696 2912 780 2969 super
798 2898 890 2954 omnia
940 2894 1302 2966 uniinnnitersimpiicitatis
1317 2895 1478 2953 divisionem
1491 2895 1534 2953 rel
1549 2897 1736 2967 partitionem,

92 2984 372 3053 superessentialiter,
387 2998 414 3043 et
428 3003 443 3042 a
457 2997 483 3044 te
495 2988 605 3059 copiose
618 3003 744 3054 suasum,
759 2996 787 3045 et
800 3004 817 3044 a
830 3004 891 3045 san·
940 3003 988 3046 seu
1000 2986 1181 3059 possibilitate
1191 2986 1327 3043 dividendi
1342 2985 1384 3041 rel
1396 2986 1543 3057 partiendi,
1561 3002 1610 3043 seu
1624 2996 1687 3044 actu
1711 2999 1740 3044 et

92 3073 150 3127 ctis
167 3071 291 3132 Patribus
304 3085 348 3132 est
362 3078 529 3133 rrtlmtatnm.
547 3076 602 3133 Sed
616 3085 706 3133 utrum
720 3086 776 3135 tota
790 3087 889 3134 natura
941 3094 1023 3152 apere
1033 3078 1177 3149 recipiens.
1186 3076 1356 3133 Sieninsuna
1365 3076 1736 3148 etjndividuaiiivinitasest,

91 3163 231 3232 bruniana,
248 3182 331 3238 quam
346 3167 433 3224 solam
446 3169 545 3239 partim
560 3168 588 3224 in
603 3167 698 3225 electis
722 3167 890 3226 liberandam
941 3172 976 3229 ad
986 3169 1065 3241 ctrjus
1073 3169 1218 3239 imaginem
1230 3168 1386 3225 humanitas
1395 3165 1467 3223 laeta
1477 3175 1532 3235 est,
1542 3168 1698 3224 necessario
1708 3176 1737 3223 et

90 3261 271 3324 putaueram,
292 3258 394 3330 partim
416 3258 554 3331 senaper⁸
577 3257 605 3316 in
633 3259 755 3333 reprobis
779 3268 890 3316 aeterno
943 3260 1002 3334 ipsa
1017 3275 1071 3317 una
1085 3254 1614 3323 etindiniduaest,etomnesbemincs,
1629 3257 1738 3314 nemine

89 3343 158 3415 igne
184 3349 362 3418 torquendam
384 3349 518 3417 detineri,
538 3349 636 3407 solutis
658 3350 744 3422 ipsius
764 3350 887 3407 malitiae
900 3345 926 3411 d
939 3352 1236 3425 exceptaineaaaum
1249 3348 1394 3405 suntbtsi
1407 3348 1653 3421 quisbunianitatis
1672 3347 1736 3404 sim·

89 3436 259 3493 retinaculis
275 3439 435 3512 penitusque
452 3442 601 3514 disruptis,
621 3449 651 3498 ut
667 3443 793 3513 superior
810 3444 889 3500 docet
940 3443 1123 3515 plicitatemet
1130 3438 1374 3512 impartibilitatem
1382 3439 1533 3496 medirisse
1543 3439 1616 3494 nulla
1625 3454 1738 3511 praero-

89 3527 187 3595 ratio,
201 3543 348 3587 ascensura
361 3539 417 3600 eet,
432 3548 486 3605 quo
499 3533 636 3604 primitiae
648 3533 747 3606 ipsius,
763 3534 889 3591 bomani·
941 3534 1031 3607 patira
1042 3533 1067 3566 ¹⁸
1077 3548 1218 3590 merorum
1228 3531 1636 3604 Patruntauctoritateadjutuqa
1645 3530 1668 3567 ¹⁸
1678 3532 1737 3589 esi·

90 3628 180 3676 tatem
194 3620 297 3690 curisti
311 3623 381 3690 dico,
404 3625 526 3682 ascendit
539 3625 561 3692 ⁸,
572 3624 630 3696 jam
644 3625 742 3682 dubius
755 3626 887 3693 delibero,
939 3627 1042 3692 stimet,
1055 3625 1149 3720 audiat
1158 3625 1268 3682 beatum
1275 3623 1421 3697 origenem
1432 3625 1460 3680 in
1471 3624 1664 3682 librotertioin
1674 3625 1738 3697 lipi·

90 3709 225 3779 quoniam
237 3710 309 3768 inter
319 3727 350 3769 se
362 3713 447 3770 multa
460 3714 488 3769 in
501 3715 555 3771 bac
565 3714 725 3786 quaestione
739 3715 888 3774 colluctari·
938 3716 1036 3776 stolam
1044 3708 1106 3774 “ad
1117 3716 1255 3774 Romanos
1266 3735 1273 3772 :
1285 3715 1341 3788 Epo
1351 3716 1408 3772 dici
1415 3716 1544 3773 :Diienis
1552 3728 1577 3772 et
1586 3717 1635 3787 filii
1646 3716 1739 3772 Encel-

91 3805 151 3857 tut.
165 3800 194 3857 st
208 3803 281 3859 euim
294 3812 350 3859 tota
363 3804 427 3861 illue
438 3820 585 3863 ascensura
598 3812 657 3872 est,
671 3813 714 3871 et,
728 3815 758 3861 ut
768 3806 889 3876 apertius
938 3809 973 3876 si,
983 3817 1011 3865 et
1025 3807 1129 3865 addidit
1141 3825 1148 3862 :
1160 3805 1269 3862 Oratus.
1280 3804 1356 3873 Quae
1370 3804 1487 3875 adiectio
1500 3820 1580 3861 nrnne
1592 3804 1674 3860 simui
1685 3806 1736 3861 sub

91 3891 200 3959 diffini»
218 3894 339 3950 reditura
357 3895 386 3952 in
404 3911 483 3965 eum,
503 3912 583 3969 quem
599 3896 738 3969 peccando
751 3897 886 3965 deseruit;
939 3900 992 3959 boc
1019 3899 1098 3956 tituto
1115 3899 1264 3954 brumarium
1289 3898 1438 3952 connexuit
1458 3912 1555 3968 geues.
1571 3895 1694 3965 benique
1708 3896 1734 3951 in

92 3982 118 4040 si
135 3997 198 4040 eam
213 3993 296 4041 mtam
311 3986 471 4045 redimendo
484 3988 622 4060 suscepit:
638 3988 704 4059 quid
722 3987 822 4045 dicturi
839 4005 887 4046 su·
939 3991 1170 4063 consequentibus
1184 3989 1272 4045 dicit:
1295 3986 1347 4042 Ver
1361 3995 1450 4041 nutem
1464 3998 1491 4040 m
1505 3986 1623 4042 beminen
1641 3986 1736 4041 arrane-

91 4075 179 4130 ntusl
203 4073 299 4134 Nonne
325 4092 496 4150 consequens
524 4079 592 4146 erit,
619 4077 722 4135 nuliam
747 4086 887 4135 aeternam
939 4080 1013 4136 mini.
1038 4076 1117 4133 Unde
1137 4076 1254 4143 stillari,
1267 4077 1338 4148 qued
1360 4077 1543 4148 scriptumest
1564 4075 1736 4148 :Etreccpb

91 4173 210 4222 mortem
221 4166 367 4235 miseriae,
380 4168 481 4225 nubam
494 4169 638 4242 impiorum
652 4184 766 4240 menam
780 4182 888 4225 reman-
938 4170 1002 4226 tacit
1016 4169 1089 4225 neus
1102 4169 1165 4240 qaia
1178 4167 1240 4237 ,feeit
1260 4167 1390 4222 bominem
1399 4184 1479 4240 super
1488 4178 1598 4236 terrum,
1609 4178 1633 4225 et
1644 4168 1734 4238 poeni·

91 4256 209 4312 suraml
233 4256 303 4325 qaia
325 4259 399 4315 euim
421 4259 450 4315 in
473 4259 515 4316 eis
538 4259 718 4331 torquebitur,
741 4268 887 4331 postquam
937 4261 987 4315 tuit
1000 4260 1028 4314 in
1045 4259 1124 4314 corde
1140 4274 1199 4324 sue,
1215 4266 1240 4313 et
1254 4257 1322 4313 dicit
1335 4255 1407 4313 Deus
1428 4274 1438 4314 .·
1461 4258 1569 4314 Delium
1592 4259 1732 4322 irerrrinenr,

91 4353 280 4416 manatura,
294 4349 411 4420 eujuset
430 4349 442 4383 ⁸
458 4348 522 4406 boni
534 4356 562 4405 et
574 4349 637 4405 maii
649 4349 794 4422 participes
806 4357 886 4416 sunt,
937 4365 1015 4422 quent
1037 4348 1099 4420 feci,
1123 4364 1140 4403 a
1156 4348 1225 4419 lucie
1248 4358 1355 4413 terrae,
1377 4365 1431 4404 aen
1446 4347 1532 4404 sclam
1558 4364 1606 4416 pro
1632 4349 1734 4404 sumta

90 4457 151 4498 non
173 4442 261 4500 solum
283 4445 358 4501 omni
378 4453 467 4501 morte
485 4453 567 4517 atque
587 4445 692 4502 malitia
713 4444 886 4512 liberabitur,
938 4438 1030 4494 diluuii
1054 4438 1156 4492 dietant
1171 4446 1247 4508 puto,
1272 4437 1318 4492 red
1339 4436 1490 4508 aliquidne
1511 4437 1561 4490 boc
1587 4437 1667 4492 etiarn
1685 4440 1734 4493 sub

92 4534 282 4590 verumetiam
296 4536 324 4591 iu
337 4536 426 4606 ipsum
442 4535 527 4593 Mum
542 4536 711 4593 reverteturl
725 4535 777 4593 ilbi
788 4550 855 4607 erqo
874 4534 886 4567 ⁶
938 4530 1062 4601 mim
1074 4527 1212 4600 “imm
1229 4529 1405 4598 imbibitis
1420 4539 1448 4584 ⁸⁴⁸
1459 4545 1489 4600 ²⁰.
1503 4527 1581 4584 miili
1593 4530 1734 4597 sentiatur,

91 4632 189 4684 aestm
206 4623 249 4681 ille
266 4624 437 4683 flammarum
451 4627 523 4699 ignis
537 4628 657 4694 aeterni,
673 4628 700 4684 in
714 4644 796 4700 quem
810 4643 887 4685 seve-
937 4621 1008 4694 quod
1027 4620 1127 4676 dicium
1156 4629 1194 4677 eti
1221 4638 1231 4679 ι
1258 4618 1362 4676 Meam
1393 4620 1541 4686 limitem,
1570 4622 1641 4693 bbvd
1668 4620 1690 4662 ¹⁸
1709 4621 1741 4676 ct'

91 4714 160 4770 ritas
169 4711 318 4784 justissimi
327 4714 428 4784 judicis
442 4715 531 4775 malos
542 4716 660 4773 missura
672 4726 733 4789 est,
745 4717 862 4775 dicensi
877 4736 883 4772 ε
900 4717 985 4786 Dper
998 4712 1150 4785 proplietam
1169 4711 1233 4766 dicit
1249 4711 1320 4767 Deus
1335 4710 1359 4744 ¹⁸
1374 4725 1382 4764 a
1395 4709 1464 4767 Ecce
1484 4712 1553 4768 enini
1571 4712 1645 4768 delen
1666 4713 1734 4768 sicut

90 4802 152 4870 lte,
170 4803 323 4871 maledieti,
342 4805 371 4861 in
385 4807 635 4878 ipnernueternunt,
648 4808 694 4881 qai
711 4817 886 4879 praeparatus
939 4809 1032 4865 nubem
1050 4807 1201 4880 iniquitates
1216 4817 1276 4862 tuus
1302 4809 1334 4872 ἰ,
1364 4815 1392 4859 ut
1417 4804 1536 4860 ademar
1558 4803 1647 4860 delent
1673 4819 1733 4860 eunt

90 4904 128 4951 est
144 4894 254 4950 diabobo
267 4904 292 4950 st
304 4896 404 4969 niudis
418 4898 501 4969 cisti
519 4897 571 4956 libi
590 4900 644 4955 erit
661 4899 824 4971 supplicium
841 4915 886 4957 ae·
938 4899 1083 4958 meandum
1095 4899 1154 4966 boe,
1170 4896 1241 4969 qued
1252 4900 1329 4953 borne
1349 4906 1398 4962 ert,
1413 4906 1470 4967 pert
1485 4893 1650 4965 becelmus
1674 4911 1733 4960 curn

92 4994 218 5053 ternum,
234 4986 262 5043 in
281 4989 354 5060 quod
371 4988 437 5045 ituri
449 4996 514 5046 sunt
529 4988 625 5061 impii,
638 4989 662 5047 si
674 4988 749 5045 nulia
759 5004 825 5061 pars
836 4989 888 5046 bu·
938 4989 1035 5060 Dum,
1049 5000 1122 5057 tuae,
1136 5005 1197 5045 curn
1215 4989 1265 5044 erit
1280 4987 1349 5044 Deus
1360 4988 1450 5043 omniu
1473 4987 1501 5042 in
1527 4985 1659 5041 carnibus.
1676 4983 1733 5040 ila-

92 5091 194 5134 manae
205 5086 318 5136 natume
336 5080 516 5147 remanserit,
535 5095 608 5153 quae
625 5090 738 5139 aeterno
754 5082 887 5153 supplicio
939 5098 1023 5156 qaum
1038 5095 1147 5154 quoque
1161 5077 1316 5151 theologum
1335 5076 1497 5149 Gregorium
1515 5075 1543 5131 in
1567 5075 1674 5132 decimo
1692 5090 1735 5130 se·

90 5167 215 5226 obnoxia
224 5169 276 5225 siti
285 5169 378 5227 Finita
387 5172 589 5243 namqueomui
600 5171 714 5239 malitia,
726 5173 787 5243 quis
800 5172 888 5231 malus
939 5172 1026 5246 ptimo
1045 5170 1164 5245 capitulo
1176 5170 1310 5228 sermonis
1323 5170 1356 5226 de
1370 5167 1490 5240 imagine
1508 5166 1689 5240 disputantem
1702 5165 1735 5221 dc

90 5258 263 5318 remanebit?
275 5260 373 5319 Omnis
384 5261 457 5319 enim
470 5261 559 5319 malin
569 5261 674 5318 malitia
688 5261 776 5320 malm
788 5271 842 5329 est,
854 5278 887 5320 ac
940 5265 1111 5322 tenacitate
1125 5262 1210 5335 legat,
1220 5260 1267 5318 ubi
1280 5262 1320 5317 ait
1332 5278 1339 5316 :
1353 5258 1424 5327 Quid
1445 5267 1495 5327 est,
1509 5256 1580 5330 quod
1594 5257 1626 5311 de
1639 5256 1679 5310 tir
1690 5271 1734 5310 ce·

90 5367 140 5425 per
152 5353 207 5409 boc
218 5363 350 5424 pereunte
361 5353 671 5426 malitiaperibitetiarn
684 5353 887 5412 senatusue
938 5355 1074 5428 meinans?
1095 5352 1203 5421 Serene,
1225 5353 1270 5426 qui
1292 5352 1356 5407 dicit
1375 5366 1386 5407 .·
1409 5349 1484 5406 Fecit
1499 5347 1571 5403 bena
1589 5345 1732 5412 beminen,

90 5444 313 5518 bdmuqmppe
324 5461 406 5505 causa
426 5446 611 5504 neceesarium
630 5455 673 5505 est
692 5441 820 5503 ellectum
840 5445 883 5501 sui
938 5446 1042 5517 infinite
1060 5444 1253 5517 sinnifieutiene
1276 5458 1379 5501 minem
1399 5439 1588 5498 inmanitatem
1609 5436 1730 5495 mendis.

736 5579 863 5640 tandi:
881 5575 1085 5638 uncttottus.

130 5699 228 5757 Ἧι.
265 5701 331 5759 *CF
346 5700 716 5775 quisqsirmtt,prontrult.
754 5698 1036 5769 'bsemperpnrtim
1075 5694 1245 5754 ‘sterce
1285 5694 1454 5751 ‘nomm
1492 5687 1622 5780 Ἄκη).
1660 5687 1727 5745 'Cli'

92 5773 208 5827 uictura.
245 5772 461 5828 tetrartum.
507 5769 761 5828 'omninnmrr.d.
795 5768 1055 5826 ¹⁰ildiuinmn.,¹¹
1070 5767 1197 5837 inportet
1211 5783 1267 5822 nm.
1287 5765 1322 5822 Α.
1347 5763 1551 5820 ,”αοιιι.(ἶί“.
1585 5760 1729 5844 ᾖξκοιιι.

91 5842 125 5897 Δ.
170 5841 193 5874 ⁸⁸
213 5843 513 5914 praeroqntienotnd.
552 5842 682 5909 “siem
704 5840 747 5899 CF
767 5842 884 5897 arbitrrer.
932 5837 1160 5910 ⁸⁸tlitrrpiatuln.
1213 5838 1362 5908 fletque.
1401 5833 1639 5891 urbanam.
1677 5830 1731 5886 ”A

94 5910 171 5969 deleo
182 5913 342 5984 iniquitates
351 5923 411 5973 tuas
421 5923 448 5969 ιιι
463 5913 567 5970 nubent.
