4167 6625
1961 407 1992 430 d

348 463 375 507 vi
1056 447 1272 505 PROOEMIUM.

346 585 495 687 Dionysii
525 587 636 680 libros,
667 604 685 648 a
711 589 833 649 Joanua
857 586 950 647 scoto
977 584 1011 647 in
1042 602 1226 651 sermonem
1253 586 1389 652 latinum
1414 603 1600 664 conversos,
1629 587 1705 652 inda
1726 604 1744 653 a
1765 585 1874 651 seculo
1898 583 1976 649 xlv

346 709 457 771 crebro
477 717 668 784 ‚occurrunt
686 710 758 769 Duo
773 706 967 786 exemplaria
996 709 1175 789 persimilia
1192 709 1320 791 inspexi
1345 711 1463 774 ltomae
1477 711 1511 772 in
1527 709 1693 773 codicibus
1710 708 1873 772 Vaticanis
1901 707 1973 782 tat,

343 826 535 928 membran,
558 827 627 902 iol,
658 825 761 890 seculi
786 827 873 901 xiv,
898 824 1049 889 loliorum
1073 828 1145 902 208,
1173 833 1205 890 et
1230 828 1300 901 176,
1327 827 1517 902 membran,
1541 826 1611 902 ioh,
1636 824 1738 889 seculi
1766 822 1854 896 XIV,
1878 819 1977 884 folio·

344 962 415 1007 rum
444 947 514 1009 295.
543 947 580 1008 lo
611 947 731 1027 quibus
759 947 877 1025 pariter
909 947 981 1011 illae
1011 950 1145 1012 loannis
1174 949 1260 1013 scoti
1290 949 1510 1029 expositiones
1542 969 1562 1015 a
1590 950 1684 1015 nobis
1715 966 1802 1014 nunc
1832 949 1975 1031 primum

344 1066 449 1132 editae
470 1070 678 1150 reperiuntur
701 1069 836 1149 sparsim
859 1088 916 1151 per
942 1071 1078 1134 aliorum
1101 1071 1297 1152 scriptorum
1322 1071 1540 1152 expositiones
1557 1071 1696 1151 singulis
1713 1068 1875 1135 versionis
1891 1027 1979 1152 capi·²

342 1186 430 1253 tibus
457 1191 632 1257 subnexae.
661 1193 750 1267 Quos
777 1202 909 1281 quidem
940 1201 1068 1267 codices
1097 1204 1269 1267 Vaticanos
1295 1221 1396 1287 qunm
1427 1204 1469 1266 ob
1498 1204 1650 1283 temporis
1681 1202 1845 1283 angustias
1873 1217 1976 1265 excu-

342 1321 410 1380 tere
445 1335 510 1381 non
538 1322 711 1400 potuerim,
743 1320 782 1384 ad
812 1320 903 1385 illius
929 1322 1049 1385 codicis
1069 1323 1243 1402 Brugeusis
1269 1321 1366 1386 iidem
1395 1320 1636 1402 expositionum
1652 1319 1749 1383 locos
1774 1323 1829 1383 atat
1854 1317 1976 1397 depru-

343 1452 434 1507 vatos
457 1453 513 1511 aut
530 1456 698 1529 corruptos
720 1465 815 1529 saepe
838 1450 1020 1513 emendavi.
1046 1448 1106 1510 Sed
1129 1456 1166 1511 ιιι
1188 1447 1344 1511 rationem
1377 1446 1510 1509 istarum
1540 1443 1767 1508 collectionum
1800 1438 1974 1518 intelligas,

343 1570 524 1637 collectoris
554 1575 782 1654 praefationem
814 1589 832 1635 e
859 1570 1024 1635 codicibus
1044 1567 1201 1649 Brugensi
1228 1575 1259 1631 et
1288 1568 1443 1632 Vaticano
1471 1569 1607 1638 erutam,
1630 1562 1704 1627 data
1731 1559 1790 1625 hac
1819 1564 1975 1641 opportu-

342 1691 456 1769 nitate,
477 1696 660 1764 adscribere
685 1700 786 1765 lubet.

494 1883 602 1946 Brevis
615 1890 643 1944 et
657 1881 747 1945 uultis
761 1882 932 1945 necessario
945 1881 1115 1944 declaratio
1131 1882 1349 1962 dispositionis
1366 1881 1465 1943 totius
1481 1878 1586 1960 operit
1600 1876 1823 1960 subsequentis,

931 1991 959 2044 et
973 2000 1052 2063 quoe
1065 1982 1236 2062 legentibus
1249 1980 1385 2044 utilitas.

340 2179 346 2190 '
376 2188 584 2261 (tempatione,
593 2187 778 2253 dilectissime,
791 2200 826 2255 op
861 2194 940 2242 mune
948 2185 1102 2256 importune
1110 2184 1154 2256 pia
1164 2194 1192 2241 et
1201 2183 1345 2255 providens
1358 2192 1420 2241 tuae
1425 2183 1577 2246 dilectionis
1588 2183 1729 2253 losttmla,
1741 2197 1812 2241 uoro
1822 2193 1850 2242 ct
1863 2187 1976 2248 insueto

343 2260 442 2332 uperi,
468 2257 620 2330 vigiliarum
651 2266 678 2313 et
701 2256 820 2312 sollicita
839 2254 893 2311 inis
918 2255 1021 2325 pleno,
1070 2255 1267 2325 nalemcunqne
1289 2264 1402 2325 potuero
1427 2253 1594 2327 diligentiam
1618 2253 1767 2320 adbibere,
1796 2263 1823 2312 et
1848 2257 1976 2318 humeris

343 2329 425 2388 amici
451 2329 610 2399 praesertim
636 2327 772 2384 debilibus
809 2339 879 2381 onus
915 2270 1087 2395 importabfle
1126 2325 1294 2449 superponis.
1330 2323 1429 2380 Verum
1465 2326 1528 2396 quia
1571 2324 1688 2382 naelihet
1714 2323 1834 2383 dilhcilia
1859 2326 1929 2384 leria
1945 2337 1976 2387 et

343 2413 428 2471 prope
451 2398 523 2453 nulla
554 2396 620 2453 iacit
642 2411 735 2461 amor,
765 2394 875 2451 Christo
905 2394 972 2450 duce
997 2403 1025 2451 et
1048 2394 1175 2465 praevio,
1218 2396 1293 2452 tbeus
1318 2394 1459 2466 aggredtar
1475 2395 1546 2465 qnod
1581 2395 1703 2461 ortaris,
1731 2395 1794 2452 licet
1818 2410 1871 2454 non
1897 2397 1976 2468 igno-

343 2483 424 2533 ren,
450 2467 521 2538 qnod
544 2466 572 2521 iu
596 2466 648 2522 hoc
663 2480 746 2538 opere
773 2464 877 2546 linguas
894 2465 1094 2520 corrodentium
1117 2480 1170 2520 non
1195 2464 1320 2546 elingiam
1341 2467 1534 2521 detractorum.
1565 2465 1620 2522 Sed
1642 2480 1697 2522 nort
1720 2466 1834 2522 multam
1860 2481 1974 2526 moveor

343 2537 499 2592 vanhsimis
522 2536 674 2592 incideram
701 2542 797 2591 contra
809 2542 952 2590 veritatem
966 2535 1129 2599 latratibus,
1160 2535 1302 2590 verissime
1317 2536 1406 2592 sciens
1422 2576 1430 2601 ,
1454 2550 1521 2604 opus
1535 2535 1624 2602 lstnd,
1650 2535 1722 2592 eiad
1737 2536 1838 2592 calcem
1851 2537 1974 2595 donante

343 2607 645 2677 Domincperducatur,
659 2604 811 2662 noneolum
826 2604 885 2668 tibi,
898 2606 946 2660 sed
959 2615 988 2661 et
1010 2603 1137 2660 omnibus
1150 2603 1295 2675 diligenter
1323 2614 1403 2674 atqne
1427 2605 1543 2661 lideliter
1567 2605 1729 2676 inspecturis
1756 2622 1810 2662 uon
1835 2606 1973 2665 modicam
2062 2619 2063 2622 ’

343 2677 379 2732 ad
392 2676 507 2746 plurima
526 2674 706 2745 prolaturum,
719 2684 747 2730 et
768 2673 887 2731 maxime
905 2674 938 2729 ad
963 2674 1111 2729 faciliorem
1124 2674 1246 2730 notitiam
1264 2689 1353 2729 rernm
1377 2674 1523 2731 visibilium
1548 2686 1576 2732 et
1596 2677 1837 2732 transcurrentium
1861 2689 1970 2747 aarum,

342 2761 414 2816 quae
426 2743 511 2801 falsae
525 2754 550 2798 et
565 2744 674 2802 fallaces
687 2753 715 2801 et
731 2758 867 2813 nunquam
886 2758 1075 2814 nusquamque
1089 2752 1192 2799 stantes
1204 2744 1248 2814 (il.
1263 2742 1402 2799 tettcitatts
1423 2753 1616 2817 contemptum,
1632 2755 1713 2816 atque
1728 2749 1873 2805 certiorem
1891 2765 1905 2803 s
1924 2748 1973 2804 iri·

342 2815 455 2871 tualium
470 2814 683 2887 intelligentiam,
707 2814 883 2884 sobriumque
900 2813 1058 2868 eorumdem
1069 2825 1149 2868 aerae
1163 2825 1191 2869 et
1208 2814 1313 2870 stabitis
1329 2823 1356 2869 et
1372 2825 1497 2871 aeternae
1511 2816 1685 2872 beatitudinis
1707 2816 1867 2887 appetitum.
1912 2819 1969 2874 orit

340 2886 415 2942 enim
429 2885 558 2942 discretio
574 2893 633 2951 tua,
648 2884 727 2956 quia,
742 2885 813 2940 sicut
837 2884 940 2940 nullum
956 2885 1057 2938 malum
1081 2882 1212 2949 vitabile,
1241 2884 1293 2939 nisi
1319 2884 1471 2955 cognitum,
1495 2885 1532 2942 ita
1552 2886 1655 2942 nnllam
1679 2887 1780 2943 bonurn
1807 2888 1974 2959 appetibile,

342 2956 367 3012 sl
391 2953 474 3011 luerit
501 2955 672 3026 ignoratum,
700 2955 808 3011 dicente
830 2953 1009 3025 Augustino:
1040 2952 1145 3011 ‹Nullo
1170 2953 1249 3009 modo
1272 2953 1408 3024 diligitur,
1457 2956 1508 3012 uod
1529 2955 1634 3027 penitus
1661 2956 1838 3028 ignoraturi.
1869 2958 1974 3015 Eorum

342 3032 433 3079 antem
455 3025 609 3096 cognitione
633 3024 740 3091 habita,
775 3024 924 3079 auxiliante
947 3023 1055 3092 gratia,
1072 3024 1104 3077 de
1125 3023 1196 3080 lacili
1219 3022 1354 3094 impietur,
1380 2970 1454 3095 quoa
1468 3025 1494 3079 in
1508 3025 1611 3094 psalmo
1634 3027 1820 3099 praecipitur:
1839 3027 1973 3085 tlleclina

343 3094 447 3154 analo
458 3103 487 3151 et
499 3095 542 3151 lac
554 3096 655 3150 bonurn
673 3114 696 3149 ι.
715 3094 744 3149 ln
769 3093 869 3162 quibos
894 3093 998 3172 dnobus
1023 3092 1091 3147 duas
1105 3102 1197 3174 partes
1217 3093 1339 3161 iustitiae
1363 3096 1511 3150 consistere
1529 3110 1582 3152 non
1598 3096 1718 3168 ignoras.
1744 3097 1863 3154 Primam
1878 3098 1971 3182 igitur,

343 3165 373 3220 id
385 3163 607 3235 est,angclicam
634 3162 798 3218 lerarchiam
832 3162 944 3217 macarti
982 3162 1162 3230 Areopagitae
1185 3160 1305 3232 Dionysii
1330 3179 1391 3219 cum
1417 3167 1474 3221 suis
1490 3165 1703 3236 expositionibus
1728 3168 1820 3224 taliter
1845 3171 1973 3227 ordinare

344 3233 490 3298 desidero,
517 3233 588 3301 quod
611 3232 787 3301 praescriptis
810 3229 838 3284 in
865 3230 936 3284 scria
969 3230 1112 3300 capitulis,
1138 3245 1208 3301 quac
1232 3246 1247 3285 a
1273 3235 1530 3289 corumetttatorihus
1549 3235 1582 3288 ad
1603 3236 1767 3292 euidentiam
1783 3239 1867 3294 totitas
1881 3240 1973 3312 operis

343 3302 372 3359 in
386 3316 496 3358 sucrum
510 3300 650 3371 principiis
665 3309 800 3356 tractuum
824 3308 1031 3370 praenotantur,
1046 3307 1187 3371 postquam
1208 3300 1242 3356 ad
1266 3300 1481 3369 explanationem
1498 3303 1592 3359 literae
1605 3313 1763 3376 perventum
1787 3306 1885 3376 luerit,
1900 3308 1969 3367 nihil

341 3384 456 3443 prorsus
470 3372 503 3427 de
516 3386 577 3426 meo
590 3368 742 3438 adjiciens,
756 3368 825 3425 nihil
839 3369 873 3425 tle
895 3370 1153 3425 commentariorum
1179 3372 1393 3441 expositionibus
1414 3377 1649 3443 praetermittens,
1676 3376 1809 3447 imprimis
1824 3378 1972 3449 capitulum

344 3446 378 3498 de
391 3449 467 3496 textu
479 3439 630 3497 lerarchiae
644 3442 763 3496 inseram
777 3479 785 3506 ,
798 3441 842 3494 cni
856 3441 948 3496 statim
962 3454 1111 3510 supponam
1127 3439 1285 3496 translatam
1316 3441 1349 3499 de
1362 3442 1467 3499 Graeco
1493 3443 1521 3500 in
1546 3443 1671 3501 Latinum
1687 3449 1867 3519 glossaturam
1883 3451 1972 3507 eidem

345 3509 465 3581 capitulo
479 3518 683 3583 congruentem.
698 3509 795 3565 Postea
809 3511 969 3592 praescripti
984 3508 1095 3580 capituli
1115 3512 1263 3567 secuudum
1291 3528 1416 3584 magnum
1437 3512 1576 3585 llngouem
1600 3516 1633 3572 de
1657 3515 1686 3573 S.
1709 3517 1815 3574 llictore
1837 3521 1973 3589 expositio

344 3582 531 3648 subiungatur,
542 3581 604 3636 dein
617 3579 730 3636 loannis
744 3578 818 3635 Scott
832 3619 841 3644 ,
856 3580 889 3635 ad
906 3579 1030 3635 ultimum
1049 3579 1162 3636 loannis
1187 3580 1315 3636 Ssrareai
1330 3583 1450 3638 ciusdem
1469 3583 1577 3654 capituli
1602 3587 1756 3659 explanatio
1780 3590 1972 3660 subsequetur.

343 3650 404 3707 nrtt
418 3650 499 3721 igitur
513 3650 699 3720 dispositionis
712 3650 873 3706 hu‘rtsordo
886 3650 968 3716 talis,
985 3651 1056 3719 quud
1070 3651 1238 3721 praescripto
1249 3661 1338 3706 textus
1361 3654 1478 3722 capitulo
1492 3654 1683 3712 venerabilium
1707 3660 1849 3715 doctorum
1864 3660 1973 3730 exposi-

345 3720 663 3795 tionessubscrihantur,
679 3720 869 3790 praetitulatae
894 3735 942 3791 per
967 3720 1088 3790 singulas
1113 3735 1223 3776 suornm
1245 3722 1399 3778 nominibus
1421 3731 1608 3789 tractatorum,
1634 3735 1664 3783 ut
1688 3728 1735 3785 tali
1761 3732 1921 3801 compendio
1946 3740 1974 3787 et

345 3790 445 3863 legetti
468 3800 560 3850 ttateat
577 3789 686 3855 tacitis,
711 3799 844 3860 qnantum
870 3790 987 3846 huntaaa
1012 3792 1084 3847 sinet
1098 3790 1250 3856 inlirmitas,
1267 3792 1422 3849 caelestium
1448 3794 1625 3866 intelligentia
1647 3809 1836 3866 secretorum,
1856 3800 1973 3870 quaein

343 3872 422 3919 textu
435 3861 520 3933 ipsius
533 3861 683 3917 lerarchiae
698 3862 869 3925 continetur,
883 3871 910 3916 et
926 3860 1083 3917 revolvendi
1106 3859 1196 3930 plnres
1210 3859 1294 3916 libros
1309 3878 1423 3919 onerosa
1449 3871 1597 3921 necessitas
1620 3868 1767 3924 auferatur.
1794 3868 1848 3926 Sed
1872 3880 1973 3928 notan·

343 3933 431 3995 dom,
460 3931 533 4000 qnod
558 3930 695 4002 glossulas
718 3943 767 4001 per
790 3930 987 3994 hnastasinm,
1019 3931 1184 3999 apostolicae
1209 3931 1281 3985 settis
1305 3931 1562 4001 bibliothecarium,
1591 3936 1624 3991 de
1653 3937 1756 3994 Gracco
1786 3939 1812 3995 iu
1844 3939 1971 3997 Latinum

344 4002 651 4072 translatae,partima
679 4000 759 4056 beatu
779 4000 934 4056 confessore
956 4000 1096 4061 llaximo,
1121 3999 1218 4069 partim
1241 4016 1256 4053 a
1279 4012 1374 4058 sancto
1395 4003 1498 4060 Jotune
1523 4004 1743 4076 scythopolitano
1766 4010 1894 4080 pontilice
1908 4021 1971 4068 snut

341 4071 443 4127 editae
457 4071 511 4125 llas
523 4083 614 4126 tamen
629 4084 723 4124 omttas
741 4071 769 4125 in
785 4071 838 4125 hoc
852 4086 933 4140 opero
948 4072 1057 4126 notitiae
1072 4068 1179 4123 llaximi
1195 4071 1370 4140 praetitulare
1382 4074 1520 4144 disposui,
1537 4092 1570 4129 ne
1587 4076 1657 4132 torte
1672 4086 1783 4159 propter
1801 4080 1970 4137 identitatem

344 4141 506 4205 norniuuat,
532 4140 644 4197 loannis
665 4138 790 4194 videlicet
813 4138 1046 4211 scythopolitani,
1067 4148 1094 4193 ct
1109 4136 1220 4194 ioannts
1236 4138 1319 4207 Secti,
1343 4141 1508 4227 tortorisque
1523 4145 1651 4202 Saraceni
1675 4152 1787 4204 ttrtcntio
1813 4150 1928 4221 legentis
1942 4150 1968 4208 iu

343 4209 434 4280 aliquo
448 4210 631 4280 perturbatur.
655 4207 710 4262 Nec
723 4218 812 4263 tatnrn
827 4210 886 4265 ideo
904 4217 984 4263 datur
998 4218 1090 4263 nostra
1106 4209 1289 4277 praetitulatio
1304 4212 1488 4269 mendositatis
1506 4215 1595 4285 argui.
1619 4213 1685 4272 Nam
1700 4234 1782 4289 quum
1800 4218 1827 4275 in
1840 4221 1967 4278 omnihus

342 4280 465 4336 veritatis
488 4277 669 4350 praeconibus
687 4293 757 4332 unns
779 4289 808 4334 et
831 4278 901 4333 idern
921 4279 1041 4347 loquitur
1059 4278 1178 4348 spiritus,
1203 4280 1308 4335 dicente
1321 4283 1453 4337 homino:
1473 4303 1482 4336 t
1497 4282 1555 4339 Non
1575 4285 1646 4340 enirn
1661 4301 1709 4342 tros
1724 4289 1799 4353 estis,
1815 4290 1861 4358 qui
1878 4290 1967 4360 loqui·

343 4352 409 4405 mlni
422 4390 430 4414 ,
445 4348 523 4406 sens
543 4350 620 4404 tritas
634 4346 723 4403 l’atrls
738 4349 819 4403 vestri
833 4388 841 4412 ,
854 4350 899 4418 qui
913 4348 1031 4419 loquitar
1045 4349 1072 4403 in
1090 4347 1165 4404 robis
1190 4366 1213 4414 ι,
1231 4359 1333 4404 eertum
1347 4359 1407 4415 est,
1430 4355 1502 4422 qaod
1525 4354 1603 4410 uobis
1620 4367 1730 4427 propter
1749 4358 1869 4414 eiusdem
1891 4374 1968 4416 cotn-

342 4420 497 4477 muniouetu
514 4366 631 4491 &pintus
646 4421 673 4472 in
688 4434 770 4489 regno
783 4419 933 4476 catholicae
947 4418 1069 4474 veritatis
1090 4418 1195 4489 singula
1215 4429 1278 4473 surrt
1300 4421 1421 4476 otnrriuur
1442 4431 1470 4477 et
1494 4424 1584 4478 omnia
1607 4427 1784 4498 singulorum.
1802 4426 1893 4496 Quare
1912 4446 1965 4485 nun

343 4490 428 4545 invito
441 4500 549 4562 popter
562 4490 675 4545 eurr-lem
691 4488 718 4542 in
734 4489 799 4559 ipsis
810 4488 964 4557 loquentem
978 4488 1109 4558 Spiritam
1122 4527 1130 4552 ,
1145 4489 1217 4557 quod
1242 4486 1374 4545 Maximus
1389 4491 1476 4558 dixit,
1491 4491 1608 4549 loannes
1624 4494 1729 4566 judicat
1742 4510 1803 4554 esse
1825 4514 1923 4567 suunt,
1938 4510 1966 4556 et

342 4562 414 4631 quod
426 4559 543 4616 loannes
556 4601 563 4626 ,
578 4559 711 4617 Maximus
732 4573 791 4613 ase
816 4573 868 4613 non
893 4569 999 4629 reputat
1015 4559 1143 4612 alienum.
1169 4556 1224 4614 Nec
1237 4573 1289 4613 non
1303 4566 1330 4613 et
1349 4559 1400 4616 hoc
1414 4561 1556 4634 diligenter
1575 4565 1798 4622 considerandum
1814 4579 1876 4634 est,
1893 4570 1966 4697 2⁰⁰⁶

341 4632 497 4700 ubicunque
513 4631 607 4685 literae
620 4638 711 4683 textus
726 4627 822 4698 duplex
835 4628 1004 4693 occurrerit,
1022 4627 1203 4682 interlinearis
1216 4628 1295 4683 litera
1309 4632 1461 4699 specialiter
1472 4633 1506 4687 ad
1519 4633 1733 4702 explanationem
1754 4636 1866 4697 loannis
1917 4640 1970 4695 coti

340 4697 508 4767 toauriisque
528 4699 656 4755 Saraceni
681 4696 817 4765 pertinet,
844 4700 914 4754 sicut
933 4698 960 4754 in
977 4698 1049 4754 serie
1073 4697 1134 4752 libri
1160 4698 1219 4752 luce
1240 4698 1340 4754 clarius
1365 4702 1512 4771 apparebit.
1538 4703 1571 4757 Et
1586 4704 1654 4761 haec
1679 4717 1769 4764 umen
1794 4723 1843 4779 pro
1877 4712 1967 4766 laltore

341 4770 494 4841 praesentis
517 4768 606 4837 operis
629 4765 834 4821 retributionem
857 4768 978 4824 obtinere
1005 4768 1148 4832 desidero,
1178 4780 1206 4821 ut
1232 4769 1356 4837 precthns
1384 4779 1412 4825 et
1438 4773 1543 4828 meritis
1568 4774 1647 4829 bnins
1669 4779 1768 4834 summi
1794 4790 1855 4850 post
1874 4781 1967 4838 beatos

343 4837 479 4905 apostolos
503 4835 617 4905 theologi
641 4834 849 4907 beatorumque,
867 4839 900 4894 de
921 4839 1017 4908 qulbus
1031 4847 1106 4892 tanta
1121 4852 1200 4891 uos-:r
1212 4849 1240 4892 et
1253 4838 1371 4893 scribere
1383 4843 1571 4911 promeruerit,
1592 4844 1764 4916 inpraesenti
1790 4847 1945 4921 snllraglntu
1960 4891 1968 4917 ,

341 4907 432 4963 hatum
444 4909 611 4963 corisoniurn
627 4920 783 4976 protrrercsr
796 4908 964 4979 angelorum.
984 4909 1063 4963 Adsit
1080 4908 1260 4979 igituruium,
1281 4923 1387 4978 precor,
1410 4912 1465 4966 tnis
1489 4914 1615 4983 precihus
1639 4919 1783 4988 impetrata
1807 4923 1968 4978 tenebrosae

341 4978 449 5043 attenti,
466 4978 492 5032 id
505 4988 547 5033 est
560 4991 645 5042 meae,
663 4976 838 5032 illuminatrix
855 4979 957 5048 gloria,
971 4988 1000 5033 ut
1013 4977 1071 5047 ipsa
1091 4979 1294 5049 praeveniente,
1311 4990 1472 5051 cooperante
1489 4991 1517 5036 et
1530 4984 1711 5055 subsequente
1722 5003 1790 5058 opus
1802 4999 1856 5044 tam
1879 4993 1967 5057 dulce,

339 5057 396 5102 tam
426 5048 507 5114 utile,
533 5057 588 5103 tarn
613 5045 770 5102 tlilrctabilc
794 5050 898 5117 piorum
925 5049 1101 5118 theosophiae
1125 5048 1291 5104 stul-:atium
1315 5051 1449 5107 inentibus
1474 5064 1655 5124 opportunum
1681 5058 1790 5116 initium
1817 5062 1964 5131 sortiatur,

338 5132 512 5192 progressum
529 5118 682 5173 ordinatum
701 5117 826 5189 accipiat,
840 5129 920 5190 atque
940 5120 993 5175 lloe
1006 5118 1169 5189 compttenti
1183 5127 1210 5172 rt
1222 5118 1312 5174 debito
1328 5124 1495 5178 terminetur.
1508 5124 1604 5184 dtneu.

376 5300 414 5363 Et
446 5301 524 5366 haec
555 5305 684 5384 quidem
710 5305 750 5369 da
781 5303 963 5379 codicibus,
994 5321 1033 5366 ox
1064 5303 1184 5382 quibus
1213 5305 1387 5373 «loannis
1416 5306 1502 5371 Scoti
1533 5304 1758 5387 Expositiones
1788 5306 1968 5375 lerarchiae

336 5420 485 5487 caelestis
504 5446 518 5481 ι
534 5440 619 5488 uunc
647 5429 785 5508 primum
815 5425 990 5491 edidimus.

376 5545 443 5619 id.
466 5544 599 5613 ioannis
623 5548 707 5613 Secti
727 5542 981 5628 Expositionum‘
1001 5547 1035 5610 in
1064 5550 1355 5631 Pseudo-dionysii
1384 5550 1482 5614 libros
1506 5551 1546 5615 de
1570 5550 1727 5617 ierarchia
1750 5550 1968 5616 ecclesiastica

336 5656 510 5741 Prolopum
539 5667 607 5729 erui
634 5685 652 5731 a
685 5669 786 5732 tribus
815 5669 992 5744 codicibus,
1024 5670 1186 5751 Lipsiensi
1216 5672 1293 5735 bibl.
1319 5673 1492 5738 Universit.
1519 5674 1589 5751 188,
1613 5675 1890 5755 membran„lol.,
1917 5694 1969 5742 se·

336 5786 400 5853 culi
423 5789 511 5868 xlii,
529 5793 682 5859 Vaticano
713 5797 781 5875 17¹1,
816 5799 1005 5874 membran,
1030 5798 1100 5875 ioh,
1125 5799 1228 5862 seculi
1254 5799 1339 5873 xlv,
1369 5806 1401 5862 et
1425 5799 1534 5863 codice
1565 5800 1722 5864 Sorhouu.
1749 5800 1827 5865 tace
1850 5799 1968 5865 biblio-

334 5917 446 6009 thecae
475 5922 593 6005 itegiaa
611 5921 814 6005 Parisiensis,
833 5922 1023 6007 membran,
1052 5924 1094 6004 lc,
1110 5924 1213 5991 seculi
1234 5926 1323 5993 xttt.
1343 5927 1368 5993 E
1394 5926 1512 6015 quibus
1536 5926 1725 6015 Lipsiensis,
1750 5929 1808 6021 qui
1832 5929 1968 6010 ioannis
