4167 6625
821 432 1033 491 Pnooattttttt.
1706 447 1725 494 t

113 562 361 687 31⁸,⁸,⁰g”·⁸u⁰m⁰d⁰
376 567 492 628 eslelerl
505 577 627 692 possi'iiit,
637 568 742 628 scillcet
754 569 952 656 frigidissimas.
967 569 1083 656 ideoque
1096 570 1187 629 omnia
1202 571 1522 645 tonussemitonium,
1539 571 1626 629 calida
1637 579 1729 630 sutem

145 639 1658 794 ,...illitteraturaaaaa.cictaaaaiaatallicuitamaricantia:
1665 640 1734 767 til

115 781 241 854 minatiya
256 788 319 829 iero
333 791 362 857 ιιι
376 776 466 831 densis
486 789 657 860 repriinitnr3
673 788 770 833 etenim
793 793 846 833 uon
866 780 1007 834 adomnia
1031 780 1190 836 illuminatio
1210 796 1268 837 eius
1286 782 1451 837 extenditur.
1470 781 1638 837 Primitiram
1654 786 1735 837 iocit

114 849 300 1033 ζὲἒειᾚῗιῐιῗ
312 844 658 999 {gtfflliiig’qffsgdeiiggiiassieio
669 846 887 974 {flitffigcffii
900 926 927 975 et
938 918 1066 975 rationali
1076 927 1218 975 creaturae
1231 918 1259 975 id
1271 920 1360 990 lpsnm
1372 928 1413 975 est
1427 932 1497 985 esse,
1514 918 1615 985 lucere,
1630 917 1733 974 ridere.

116 1103 122 1116 ,
151 984 929 1137 prozeienirgpssgsrfflogumtReigeffl’zoffl.m
942 1056 1061 1128 quisunt
1074 1057 1111 1112 dii
1122 1058 1303 1130 pergratiam,
1317 1073 1370 1113 nou
1385 1067 1520 1113 naturam.
1530 1055 1733 1127 intestabili.

153 1113 254 1200 Sensim
267 1128 313 1203 εει
322 1122 472 1177 huiusmodi
487 1137 496 1177 a
512 1126 627 1181 causalis
644 1128 763 1181 oinniuni
781 1126 930 1193 coustituit,
948 1135 979 1182 iit
999 1127 1167 1198 superposita
1186 1141 1361 1199 quaecunque
1378 1128 1496 1184 esseutia
1514 1125 1689 1199 subsequenti
1704 1138 1736 1180 se

116 1193 252 1241 esseutiae
262 1189 350 1244 divina
364 1191 465 1247 luiniua
476 1207 524 1262 per
534 1208 563 1248 se
576 1195 659 1258 ipsam
674 1196 839 1262 transiebat,
853 1195 897 1252 uel
908 1196 1027 1262 iurabat,
1040 1197 1083 1253 iel
1097 1197 1273 1268 supervehat3
1287 1196 1315 1252 in
1329 1197 1420 1252 omnia
1438 1197 1506 1253 haec
1519 1203 1608 1267 potest
1621 1195 1734 1251 terbum

113 1250 181 1308 tttnd
196 1256 336 1313 transferri
348 1264 557 1334 magnentianos.
573 1262 650 1336 lnlra
662 1265 711 1321 col.
725 1265 789 1320 tto.

149 1322 256 1381 Scottis.
270 1327 327 1384 iloc
338 1331 449 1412 pulchre
456 1333 569 1414 dicitur,
583 1337 646 1414 quia
658 1335 747 1391 omnis
760 1334 884 1391 caelestis
894 1334 1010 1392 essentia
1022 1337 1217 1406 proprietatum
1232 1350 1341 1393 suarum
1354 1335 1386 1392 dt
1398 1344 1427 1391 et
1441 1334 1541 1391 dicitur
1553 1333 1735 1405 participatio,

112 1394 154 1447 vel
170 1405 298 1464 quantum
311 1409 515 1471 participatione
529 1407 706 1460 siibsisteutes
720 1404 796 1460 liunt.
818 1403 896 1476 infru
910 1403 961 1460 eol.
973 1403 1036 1460 949.

112 1462 268 1589 ‘dumet
286 1469 411 1525 cardines
431 1469 524 1540 templi
546 1474 659 1542 iiiystice
674 1473 852 1544 signiticatur,
866 1474 909 1531 iiel
921 1484 1025 1532 morata
1044 1473 1231 1545 singularitate
1243 1473 1411 1532 immutabile
1425 1472 1639 1530 laudamentum.
1655 1471 1736 1543 lnlra

114 1593 119 1602 ’
150 1600 254 1660 Scotum
267 1604 362 1663 Facies
374 1608 493 1665 mentis
505 1624 585 1679 super
597 1613 704 1678 solium,
724 1613 817 1678 idest,
836 1611 1068 1683 superessentialia
1084 1611 1131 1668 liei
1149 1612 1271 1677 utitudo,
1286 1626 1355 1737 puae
1368 1612 1471 1669 relatur
1484 1611 1547 1693 alis,
1563 1610 1690 1683 qnoniam
1706 1609 1737 1668 in

112 1685 174 1727 eam
189 1685 344 1731 reverenter
363 1689 390 1732 et
404 1679 508 1748 trepide
531 1681 679 1750 respiciunt
701 1683 796 1754 angeli.
816 1682 901 1738 Pedes
921 1691 1011 1738 autern
1031 1682 1150 1739 sedentis
1168 1692 1231 1739 sunt
1243 1698 1293 1754 pro
1305 1682 1451 1739 nouissima
1468 1695 1527 1749 eius
1544 1682 1571 1737 ln
1588 1679 1734 1736 universali

111 1751 238 1823 ereatura
252 1745 373 1828 vestigia.
388 1745 460 1815 Quos
473 1749 576 1805 duabus
590 1751 638 1806 alis
652 1750 781 1824 obtegunt
792 1751 921 1808 caelestes
933 1751 1078 1819 essentiae,
1090 1752 1214 1809 timentes
1228 1752 1353 1817 scrutari,
1367 1750 1503 1822 monade
1515 1750 1655 1814 Dominus,
1670 1764 1732 1804 cuni

111 1819 149 1865 sit
160 1826 242 1894 super
254 1829 355 1880 omnia,
371 1815 528 1872 ditiunditur
543 1820 569 1873 in
583 1821 683 1886 omnia,
698 1832 725 1876 et
739 1822 785 1891 qui
799 1829 841 1878 est
858 1821 1102 1891 superessentialis,
1120 1831 1149 1877 et
1162 1822 1281 1878 omnium
1294 1825 1422 1888 essentis,
1438 1828 1466 1877 et
1485 1821 1620 1890 quomodo
1632 1819 1735 1889 ubique

111 1888 237 1963 esnsine
253 1885 386 1966 gununihii
399 1900 459 1942 esse
476 1894 574 1956 potest.
588 1890 697 1946 Iluabus
711 1890 761 1946 alis
777 1905 885 1961 semper
900 1890 1024 1958 uolitant,
1045 1900 1153 1963 propter
1165 1898 1304 1948 aeteruum
1324 1891 1500 1948 imitatorium
1519 1889 1627 1947 divinae
1640 1903 1736 1958 opera·

111 1958 206 2006 tionis.
224 1952 293 2008 Ecce
307 1970 335 2009 iu
359 1956 432 2011 senis
450 1956 501 2011 alis
525 1958 654 2024 perlectio
668 1970 790 2016 motuum
811 1959 1015 2030 intelligibilium
1033 1961 1186 2032 exponitur.
1208 1961 1236 2016 lu
1256 1975 1289 2017 eo
1309 1970 1408 2024 autem,
1424 1960 1496 2030 quod
1509 1959 1591 2016 binae
1605 1967 1678 2023 snut,
1690 1966 1737 2013 aut

113 2016 225 2075 lactoris
247 2031 274 2076 et
293 2021 427 2079 iacturum
448 2025 557 2084 dilectio
578 2037 606 2084 et
626 2030 816 2097 contemplatio
834 2040 861 2084 et
880 2030 961 2096 actio,
978 2038 1026 2085 aut
1045 2031 1142 2102 duplex
1161 2045 1224 2103 pars
1241 2029 1348 2086 divinae
1365 2030 1494 2086 scientiae
1513 2027 1691 2085 alilrmativae
1709 2035 1737 2083 et

112 2089 421 2225 ιιιξῗνιιὶίἔέιεέιὶιέεᾶιὲιιι
433 2094 518 2151 induit
533 2098 711 2165 praedicando
725 2098 759 2154 de
774 2114 807 2156 eo
822 2099 912 2154 omnia
924 2113 993 2172 quae
1010 2108 1084 2167 sunt,
1099 2100 1203 2171 reliqua
1216 2100 1291 2155 exuit
1311 2100 1482 2165 removendo,
1493 2106 1521 2155 et
1534 2109 1648 2168 umque
1659 2110 1735 2152 uera.

149 2223 273 2291 Sanctus,
290 2236 407 2292 sanctus,
422 2239 531 2286 sauctus
548 2230 677 2289 {lominus
692 2234 870 2292 exercituum.
883 2235 914 2292 ln
931 2234 983 2291 hoo
1005 2235 1124 2292 ternario
1144 2236 1245 2307 hymno
1264 2235 1389 2291 laudatur
1405 2250 1459 2293 una
1476 2235 1593 2293 essendi
1606 2235 1635 2292 ln
1650 2234 1737 2291 tribum

111 2295 235 2366 personis
251 2297 293 2353 vel
307 2299 476 2356 substantiis.
491 2297 568 2372 infra
583 2301 633 2356 col.
646 2302 710 2360 ild.

146 2363 206 2420 Non
223 2365 276 2423 aila
291 2367 360 2425 baec
375 2368 485 2426 claritas
503 2370 671 2442 intelligitur,
695 2388 775 2444 quam
794 2374 910 2430 Verbum
932 2383 1082 2443 aeternnm,
1104 2374 1175 2445 quud
1196 2374 1224 2430 iu
1245 2374 1435 2433 secretissimis
1458 2374 1547 2431 Patris
1570 2379 1612 2430 sul
1632 2372 1738 2429 sinibus

110 2448 208 2561 ffi:
218 2437 468 2565 apecgistsrmcaiffl
479 2440 705 2579 piffltlsscetssbfe'niiff
718 2443 937 2583 plrwffluffl
953 2444 1010 2500 suls
1022 2445 1123 2514 causis,
1139 2452 1167 2502 et
1177 2444 1334 2515 pnnsouan
1352 2459 1387 2501 ex
1400 2443 1582 2502 inaccessibili
1603 2442 1736 2499 lucediri·

707 2553 714 2567 .
748 2532 764 2570 li
863 2554 870 2567 .
940 2553 947 2569 ι

146 2573 214 2631 Tres
227 2577 355 2632 ordines:
369 2578 440 2634 unde
453 2578 548 2637 ducem
562 2581 693 2650 nominat,
709 2584 782 2652 qnia.
797 2583 868 2653 quod
881 2599 950 2640 uuus
963 2582 1039 2650 lacit,
1058 2598 1152 2639 omnes
1167 2581 1257 2640 lacere
1270 2582 1356 2640 intelli
1394 2588 1467 2638 utnr.
1480 2581 1559 2652 intra
1572 2581 1623 2637 eol.
1636 2579 1700 2636 stit.

146 2643 211 2700 Gir.
224 2645 295 2702 llll.
309 2646 348 2703 lta
361 2647 535 2717 deliniuntur,
551 2652 776 2720 quemadmodum
791 2653 916 2708 caelestis
925 2651 1079 2709 lerarchiae
1091 2652 1267 2725 intelligentia
1281 2663 1308 2708 et
1327 2651 1440 2710 scientia
1452 2653 1493 2710 eis
1504 2651 1587 2708 insita
1598 2661 1658 2717 est,·
1673 2650 1737 2707 sub·

111 2714 213 2769 stantia
227 2717 359 2786 siquidem
372 2732 466 2774 eorum
477 2726 505 2773 ot
519 2735 647 2777 numerus
664 2721 844 2792 intelligentia
856 2731 897 2777 est
909 2730 937 2778 et
949 2723 1109 2779 substantia.
1126 2722 1205 2793 lutra
1217 2724 1268 2779 eol.
1282 2723 1346 2779 stt.

152 2810 227 2904 Cir.
251 2814 318 2876 XV.
337 2813 386 2878 ild
400 2813 572 2908 laoceoput
590 2818 747 2881 recentior
765 2817 921 2900 quaedam
940 2821 1061 2884 manus'
1082 2817 1183 2882 literis
1202 2818 1288 2882 lectu
1304 2816 1501 2908 difficillimis
1517 2813 1618 2879 sanes
1637 2813 1740 2877 iuteo·

110 2895 305 2969 prolationes
320 2892 501 2975 adscripsit,
518 2903 605 2959 iuter
625 2913 706 2976 quas
729 2897 900 2960 nonnullas
917 2898 963 2959 lo.
980 2897 1141 2970 Saraceni,
1156 2895 1238 2960 bano
1252 2913 1326 2961 sero
1341 2898 1427 2960 Scoti
1446 2917 1454 2956 r

112 2992 191 3131 'Aa
204 2994 478 3122 ιδοειειὲιὲὲ,1)ἰιενειιιι,·
492 2995 566 3053 ιιιιΙΙο
580 2997 678 3070 quippe
690 2997 744 3055 alio
756 2997 889 3053 elemento
900 2997 1077 3062 incrassatur,
1092 2996 1139 3053 sod
1154 2995 1183 3050 ln
1197 3010 1246 3052 sua
1270 2995 1427 3052 sinceritate
1441 2995 1574 3053 disemus
1584 3003 1734 3066 permanet.

106 3131 341 3265 ‘Infizsigioe‘nsffib
354 3137 428 3194 omni
440 3149 553 3208 eiirpore
568 3135 657 3206 alliso,
669 3136 704 3194 de
716 3137 842 3203 nubibus,
856 3135 890 3192 de
900 3133 997 3205 petris,
1012 3133 1047 3189 de
1060 3131 1150 3200 lerro;
1164 3134 1254 3191 omnis
1265 3132 1364 3205 quippe
1376 3132 1481 3191 collisio
1491 3133 1580 3207 iguem
1593 3141 1669 3191 erest
1681 3134 1735 3207 (a).

149 3269 183 3339 Q.
197 3272 225 3328 d.
240 3274 416 3347 imaginanti
453 3272 545 3331 illcaut
560 3274 666 3334 medem
681 3288 741 3332 ease
754 3271 943 3344 dispositiones
955 3272 983 3329 iii
998 3272 1105 3342 primis,
1121 3273 1217 3330 mediis
1229 3279 1259 3331 et
1271 3271 1384 3331 ultimis.
1399 3270 1478 3344 littra
1487 3271 1539 3329 eol.
1552 3271 1617 3331 258.

149 3342 261 3398 Acutius
273 3346 344 3399 videt
357 3344 419 3417 aqui
430 3360 456 3410 a,
470 3359 550 3427 quam
563 3344 660 3410 homos
676 3346 752 3402 canis
766 3345 864 3400 lortius
875 3345 980 3400 odorat.
994 3342 1074 3414 lnsra
1090 3341 1141 3398 eoi.
1154 3343 1218 3400 988.
1438 3402 1442 3410 ,

149 3409 184 3465 Et
197 3414 340 3469 seeundum
353 3413 534 3470 rationabilem
547 3413 744 3487 intelligentiam
759 3415 939 3471 continuitate.
956 3411 1049 3470 Virtus
1061 3413 1194 3485 siquidem
1206 3412 1376 3469 rationabilis
1386 3411 1517 3470 montiae
1530 3411 1660 3470 contiuua
1676 3418 1737 3481 αῖς

110 3481 187 3552 prius
200 3484 272 3539 enim
287 3484 392 3541 desinet
404 3484 561 3551 subsistere,
575 3499 655 3555 quain
668 3493 696 3540 et
709 3485 736 3539 iii
751 3491 887 3539 momento
900 3482 1055 3539 rationabili
1067 3497 1161 3540 carere
1174 3483 1299 3539 scantia.
1315 3479 1393 3608 ingre
1404 3481 1455 3537 eoi.
1469 3480 1533 3538 sta.

147 3549 224 3607 Sicut
239 3553 353 3611 ollactus
368 3553 520 3611 contrarias
533 3570 548 3609 a
563 3553 783 3615 conuenientibus
800 3554 928 3610 discernit
942 3552 1135 3609 exhalationes.
1149 3552 1228 3624 intra
1241 3553 1293 3607 eol.
1307 3550 1343 3606 tt
1364 3591 1371 3606 .

147 3620 287 3679 Factirum
301 3623 335 3679 ad
349 3639 455 3689 manus,
467 3625 634 3694 operativum
647 3625 680 3680 ad
692 3622 815 3688 braoliia,
829 3624 946 3680 activum
960 3622 994 3678 ad
1006 3623 1144 3688 humeros,
1161 3625 1188 3678 in
1201 3621 1299 3691 quibus
1310 3619 1393 3677 uduti
1401 3620 1519 3691 quodam
1529 3620 1640 3679 cardine
1653 3621 1740 3680 aedo

111 3689 157 3746 nis
174 3701 264 3749 motus
283 3694 371 3766 priano
394 3694 520 3760 uoluitur,
541 3694 638 3749 deinde
659 3710 708 3764 per
723 3693 835 3750 brachia
855 3694 882 3748 in
904 3707 1001 3749 manus
1019 3694 1183 3749 extenditur.
1200 3692 1231 3747 lu
1249 3692 1340 3748 anima
1357 3689 1522 3757 rationabili,
1536 3690 1566 3746 iu
1577 3691 1678 3758 auimo,
1696 3699 1740 3750 est

110 3760 217 3831 primus
229 3763 287 3818 eiua
300 3773 397 3829 motus,
412 3763 483 3819 sicut
496 3762 655 3833 quibusdam
669 3765 725 3820 suis
735 3763 872 3830 humeris;
888 3762 983 3818 delude
996 3762 1163 3818 descendens
1176 3776 1226 3832 per
1239 3760 1456 3832 progressionem
1469 3773 1644 3819 numerorum
1655 3761 1739 3818 veluti

112 3842 162 3899 per
173 3832 305 3902 quaedam
318 3832 427 3890 brachia
440 3834 468 3888 iu
481 3830 594 3887 artilicis
605 3834 837 3900 aestimationem,
850 3832 1015 3902 operationis
1028 3844 1126 3888 nomen
1140 3830 1261 3902 accepit;
1277 3831 1341 3887 duni
1355 3830 1382 3885 in
1396 3829 1522 3885 edoctum
1537 3831 1603 3887 moti
1616 3831 1740 3903 eorporis

113 3902 258 3969 utentur,
271 3902 384 3959 lactirus
401 3916 454 3958 non
468 3901 615 3972 incongrue
627 3903 770 3959 vocitatur.
788 3902 838 3967 lta,
857 3912 888 3959 ut
900 3904 1003 3972 opinor,
1026 3902 1054 3956 in
1072 3902 1235 3958 caelestibus
1253 3900 1361 3967 animis,
1379 3900 1443 3955 dum
1460 3899 1544 3955 velud
1562 3900 1650 3971 primo
1663 3910 1739 3958 mutu

111 3969 299 4039 primordiales
319 3986 416 4028 causas
431 3972 459 4026 iu
481 3971 614 4053 principio
633 3972 764 4039 omnium,
785 3973 857 4043 quod
878 3972 947 4027 heus
966 3981 1018 4036 est,
1038 3984 1121 4042 snpra
1140 3986 1170 4027 se
1191 3973 1340 4037 intuentur,
1361 3970 1432 4026 actio
1451 3983 1547 4026 eorum
1560 3977 1617 4038 αις
1632 3970 1696 4026 dum
1710 3971 1739 4028 in

113 4039 219 4109 seipsis,
232 4056 300 4111 quae
315 4057 395 4114 supra
416 4056 447 4098 se
463 4042 565 4107 rident,
580 4041 759 4108 conformant,
772 4042 911 4114 operatior
925 4042 987 4097 dum
1006 4054 1073 4098 vero
1086 4055 1155 4111 quae
1172 4039 1294 4097 iacienda
1309 4047 1373 4096 sunt
1389 4039 1417 4096 iu
1435 4048 1542 4107 natura,
1554 4037 1632 4110 justa
1645 4041 1738 4097 analo-

117 4107 886 4252 laudabiliallitdltlltlll‘liill
906 4110 1133 4236 ill⁰¹¹‘⁰‘¹⁷¹¹²⁰‘’
1158 4110 1262 4168 “⁰³⁰¹'‘
1282 4117 1363 4181 a...
1385 4108 1516 4178 ‘m
1533 4110 1577 4167 '⁰¹
1592 4108 1733 4168 usu...

673 4199 680 4238 Ι
729 4220 737 4236 .
770 4199 814 4236 iil'
886 4220 895 4237 .
962 4220 970 4236 ·

155 4355 277 4420 Pariter
296 4356 336 4421 ad
357 4358 538 4422 reinonem
555 4358 758 4439 epistolarum
769 4357 1066 4437 Prendo-Dionysii,
1085 4375 1168 4437 quae
1183 4355 1240 4420 iol.
1251 4356 1438 4432 liba-iii,
1454 4359 1604 4433 aexstut,
1626 4354 1739 4419 eadem

100 4472 229 4540 'munus
258 4476 374 4542 iisdem
401 4476 503 4544 literis
534 4478 762 4542 minutissimis
789 4477 828 4542 ud
854 4478 1031 4558 marginem
1054 4475 1177 4557 glossas
1201 4474 1279 4538 satis
1303 4475 1419 4539 mullas
1444 4474 1623 4558 adscripsit.
1648 4475 1737 4551 Quas

112 4606 214 4671 quum
246 4598 390 4659 accurate
419 4598 664 4675 examinassem,
690 4617 707 4663 e
736 4599 865 4663 scholiis
877 4601 911 4663 S.
925 4598 1063 4663 Maximi
1087 4605 1230 4671 sumptus
1259 4612 1331 4661 esse
1362 4594 1486 4658 inueni.

151 4715 222 4788 ib.
247 4714 391 4778 Tertium
420 4717 454 4779 in
484 4717 617 4781 edendis
646 4719 778 4782 loannis
818 4719 902 4782 Scoti
933 4718 1201 4798 Euposittonious
1230 4732 1325 4794 snper
1360 4715 1552 4779 inunctioni
1584 4713 1741 4779 coelestem

112 4828 145 4892 S.
168 4829 314 4911 Dionysii
331 4831 463 4897 adhibui
486 4837 628 4903 codicem
650 4857 710 4904 ms.
733 4839 947 4903 bibliothecae
961 4833 1137 4914 Brugensis
1157 4843 1190 4896 n⁰
1212 4834 1243 4908 1,
1259 4832 1552 4907 membranaceum,
1570 4831 1627 4894 lul.
1651 4831 1739 4913 maj„

115 4951 291 5015 seculiXV
316 4953 367 5017 vel
397 4955 468 5018 XV.
497 4957 568 5034 Quo
598 4962 780 5027 continetur
809 4962 942 5026 loannis
968 4962 1054 5027 Scoti
1083 4962 1185 5026 versio
1218 4979 1347 5043 operum
1374 4956 1670 5038 Pseudo-Dionysii,
1696 4955 1741 5022 itii

115 5071 246 5152 quidem
271 5071 438 5152 disposita,
466 5086 503 5141 ut
526 5081 664 5160 singulis
687 5083 847 5161 capitibus
867 5083 1080 5163 expositiones
1106 5083 1140 5145 S.
1159 5081 1308 5157 Maximi,
1337 5083 1483 5164 [luponis
1506 5100 1527 5143 u
1545 5081 1581 5143 S.
1605 5078 1739 5152 Victore,

116 5200 249 5262 loannis
275 5202 435 5277 Saraceni,
461 5200 609 5277 aliorum,
639 5203 673 5265 iu
703 5202 824 5284 quibus
855 5210 887 5266 et
917 5205 1019 5267 nostri
1047 5205 1182 5268 loannis
1216 5206 1305 5268 Scoti
1333 5204 1543 5285 expositiones
1572 5201 1606 5261 in
1634 5197 1741 5260 lerar-

118 5328 216 5391 obium
242 5329 408 5405 coelestem,
427 5329 672 5413 subjungentur.
702 5333 813 5414 Neque
841 5342 949 5397 tumen
975 5335 1110 5397 loannis
1134 5332 1223 5396 Scoti
1249 5328 1460 5409 expositiones
1481 5323 1624 5401 integrae
1648 5323 1737 5391 sunt,

118 5454 177 5520 scd
208 5456 262 5521 iol.
291 5460 371 5532 171,
400 5458 421 5519 9
452 5451 571 5519 codicis
600 5449 753 5514 desinunt
782 5447 834 5512 his
866 5450 971 5512 verbis
1004 5472 1012 5511 r
1042 5449 1132 5511 Verbi
1162 5449 1267 5528 pratia
1295 5445 1401 5527 prima
1430 5439 1592 5504 ierarchia
1609 5437 1739 5514 merline,

115 5575 218 5639 inedia
234 5576 352 5652 tertiae,
364 5575 459 5638 tertia
473 5577 611 5655 quartae,
630 5586 706 5650 patae
720 5574 764 5629 est
781 5567 815 5630 in
828 5565 1018 5642 hominibus,
1030 5565 1153 5629 diuinas
1164 5566 1278 5630 tribuit
1289 5562 1532 5627 illuminationes
1546 5556 1632 5637 (tide
1650 5557 1736 5637 infra

89 5702 178 5765 'col
216 5702 311 5785 aaa),
344 5702 388 5765 ita
415 5706 451 5763 ut
480 5696 552 5761 linis
582 5694 793 5759 desideretur.
826 5688 994 5773 Ejusmodi
1020 5687 1225 5753 collectiones
1254 5684 1493 5767 expositionum
1525 5681 1561 5749 in
1591 5677 1741 5750 Pseudo·

154 5913 194 5981 lui
212 5911 348 5991 {lineatas
362 5919 390 5971 et
407 5924 476 5978 auae
487 5914 637 5987 sequuntur
646 5920 732 6003 nsque
745 5906 779 5983 ad
793 5870 885 5977 specio
900 5912 970 5985 meat
983 5901 1119 5961 recentior
1133 5912 1227 5959 manus
1244 5894 1351 5973 adjecit.
