4167 6625
381 484 432 541 toa
658 473 665 492 '
941 484 971 540 c.
991 484 1022 539 r.
1044 480 1457 541 seutnmemrumtno
1737 457 1763 498 ι’
1934 480 1998 538 ns

381 604 542 657 documento
562 608 604 655 est
617 595 703 669 >quid
720 600 752 655 dc
773 613 806 653 co
825 598 927 655 Romae
946 609 973 654 et
990 599 1016 655 in
1031 600 1088 670 ipsa
1108 599 1167 654 aula
1182 605 1205 663 A
1219 596 1411 667 discipulorum
1436 598 1652 653 tumultuantium
1676 595 1836 668 graphiariis
1849 594 1929 666 (Peg.
1955 595 1996 666 lt)

380 691 536 764 pontilieia,
557 690 619 745 licet
631 691 702 744 larua
717 690 839 762 ambigua
853 689 917 744 olim
930 706 1056 758 uspersus
1074 698 1165 754 esset,
1219 700 1332 745 iteratus
1344 691 1399 744 vita
1416 691 1532 745 decessit
1546 691 1594 761 (ci.
1610 690 1690 744 Fama
1704 689 1837 759 perhibet,
1861 695 1922 758 pot
1942 688 1996 756 civis

379 783 562 840 existimatum
581 783 671 838 siverit.
686 781 810 836 Studium
824 791 926 836 tantum
948 781 1060 836 nimium
1073 782 1167 836 arche·
1217 789 1331 836 mortem
1346 795 1427 850 super
1444 780 1597 850 sepulemm
1611 780 1668 850 ejus
1688 780 1774 835 luceru
1796 780 1894 834 miram
1913 780 1996 835 visam

380 873 436 945 typi
457 874 489 928 atl
507 874 618 929 verbum
634 871 813 926 transferendi
829 872 855 926 iu
868 887 900 926 ea
912 872 1035 926 versione
1049 872 1165 924 hvtasta·
1216 869 1320 935 iuisse,
1339 885 1452 942 eamque
1475 882 1528 927 tam
1547 874 1591 929 diu
1613 871 1771 936 refulsisse,
1794 871 1881 926 donec
1905 871 1930 926 ei
1953 873 1998 927 bo-

379 967 435 1022 sius
450 964 699 1036 reprehendendum
723 978 784 1019 esse
807 964 926 1033 putavit,
950 962 1075 1034 quamvis
1100 960 1165 1015 illud
1215 961 1412 1016 nostiusetiaur
1438 963 1589 1034 sepulcrum
1609 962 1637 1016 in
1657 960 1759 1031 majore
1775 960 1996 1018 lialmesburieu·

377 1057 494 1112 studium
510 1055 670 1111 «humilitati
685 1074 694 1107 ι
706 1054 838 1125 Erigenac
850 1055 882 1108 ad
893 1053 970 1126 (Pap.
981 1053 1013 1123 V)
1021 1053 1162 1108 scriberet.
1215 1050 1285 1105 sinm
1293 1050 1406 1108 ecclesia
1414 1052 1589 1124 propealtare
1598 1053 1786 1121 pararetur*⁸.
1795 1052 1882 1119 Quam
1891 1054 1927 1108 nb
1938 1070 1997 1109 eau-

375 1149 545 1204 Postremum
576 1147 650 1201 eirca
682 1161 781 1200 asinum
805 1144 858 1200 870
879 1145 1001 1200 doctriua
1026 1142 1163 1198 Paschasii
1214 1154 1273 1194 sam
1298 1155 1352 1195 nou
1374 1142 1475 1209 miuus,
1491 1158 1573 1213 quam
1592 1150 1705 1212 propter
1721 1142 1794 1198 ritae
1815 1142 1997 1215 integritatem
2077 1211 2078 1218 ἵ

374 1238 504 1294 liadberti
520 1238 553 1292 dc
565 1236 754 1302 Eucharistia,
774 1251 843 1305 quae
861 1235 1042 1305 praesentiam
1063 1234 1163 1290 Christi
1215 1232 1242 1287 iu
1259 1233 1423 1291 Frarvcnrum
1437 1235 1638 1307 anglorumque
1652 1234 1851 1307 martyrologiis
1864 1251 1953 1307 usque
1968 1238 1999 1292 ad

374 1343 444 1399 pene
467 1328 549 1383 trimis
571 1326 705 1381 carnalem
726 1335 754 1380 ct
773 1328 840 1381 adeo
858 1325 1084 1396 capheruaiticam
1108 1335 1164 1381 sta·
1215 1338 1316 1380 aiterum
1332 1326 1411 1393 ¹585,
1428 1341 1482 1397 quo
1496 1325 1678 1382 Romanorum
1691 1326 1754 1381 libri
1765 1326 1885 1396 liturgici
1901 1328 2000 1383 inducti

375 1417 440 1478 tuit,
456 1430 554 1470 novam
567 1415 594 1468 iu
610 1413 724 1470 eeclesia
744 1416 953 1470 controversiam
973 1415 1161 1470 suscitaverat.
1214 1423 1287 1479 sunt,
1314 1415 1384 1469 inter
1406 1424 1515 1472 sanctos
1539 1425 1671 1488 martyres
1694 1427 1927 1473 commemoratus
1951 1427 2000 1474 est

373 1505 462 1560 Etiam
476 1504 591 1575 Erigena
606 1506 669 1559 huie
682 1505 883 1560 controversiae
909 1519 939 1560 se
953 1504 1109 1569 immiscuit,
1135 1511 1164 1560 et
1215 1501 1315 1558 Sancte
1326 1495 1404 1569 visit,
1418 1520 1505 1576 neque
1520 1521 1638 1577 unquam
1652 1505 1711 1576 ejus
1724 1507 1790 1574 rita,
1811 1507 1861 1563 sed
1877 1509 1934 1564 sola
1946 1510 2002 1578 ejus

373 1613 435 1652 enm
456 1597 604 1652 hatrauuo
621 1597 790 1667 potissimum
807 1598 946 1667 spirituale
959 1598 1093 1668 dogmatis
1106 1612 1163 1653 mn·
1213 1591 1336 1646 doctrina
1355 1593 1491 1649 interdum
1508 1594 1659 1665 vituperata
1675 1605 1735 1664 cst,
1758 1600 1887 1667 quamvis
1901 1599 2003 1654 ineerta

372 1695 492 1742 trientum
508 1685 662 1741 illustravit.
683 1686 757 1753 Quae
768 1685 924 1755 singillatim
940 1686 973 1740 de
991 1686 1162 1741 Eucharistia
1213 1692 1241 1738 el
1257 1683 1392 1754 ambigua,
1408 1691 1437 1740 ut
1454 1686 1580 1754 vidimus,
1607 1686 1651 1742 illa
1677 1688 1742 1751 sint,
1766 1703 1835 1759 qnae
1848 1691 2003 1760 antiquiore

373 1778 515 1843 docuerit,
538 1777 690 1841 nescimus,
716 1791 799 1844 ‹ptrrrm
814 1776 897 1841 liber,
914 1775 959 1845 qui
974 1774 1162 1845 aquibusdam
1191 1773 1195 1778 ’
1215 1781 1337 1845 tempore
1355 1777 1485 1831 adsersus
1504 1777 1693 1832 orthodoxiam
1714 1760 1772 1846 civis
1790 1791 1921 1849 suscepta
1945 1797 2005 1837 esse

373 1867 505 1936 Erigonae
519 1867 670 1937 adscriptus
685 1876 736 1931 est,
752 1866 866 1922 lortasse
882 1866 938 1937 jum
962 1875 1025 1921 ante
1040 1867 1162 1922 seculum
1214 1864 1351 1919 dicuutur.
1368 1864 1475 1920 Statvtra
1492 1868 1606 1938 exiguus
1624 1864 1693 1933 iuit;
1711 1868 1794 1922 aniuri
1816 1883 1885 1924 vero
1897 1871 2004 1927 cultura

371 1958 544 2014 undecimum
565 1957 698 2012 interierit
708 1959 735 2010 ⁸¹.
748 1957 861 2011 Dvrliinm
875 1957 948 2011 euim
960 1973 1014 2012 non
1029 1967 1083 2022 est,
1098 1958 1163 2026 quin
1178 1958 1201 2019 B
1215 1954 1339 2025 insignis,
1353 1955 1460 2027 ingenio
1474 1957 1530 2012 aeri
1544 1965 1573 2013 ct
1583 1956 1703 2023 sublimi,
1719 1958 1832 2014 scientia
1845 1968 1903 2015 tam
1915 1963 2005 2032 ampla

369 2049 414 2106 vel
426 2051 496 2106 idem
511 2049 555 2105 vel
568 2049 637 2104 alins
649 2049 718 2104 liber
730 2050 763 2104 dc
777 2048 956 2113 Eucharistia,
979 2046 1056 2116 cuijus
1068 2059 1162 2103 aucto·
1213 2060 1293 2116 quam
1308 2045 1451 2116 profunda,
1473 2046 1612 2102 dialectica
1627 2045 1738 2103 Platone
1755 2057 1782 2102 et
1795 2047 1898 2105 Proclo
1912 2050 2005 2120 digna,

371 2145 453 2198 ritate
472 2142 653 2210 Bereugarius
667 2157 732 2196 usus
747 2149 796 2204 est,
818 2148 845 2195 et
862 2141 907 2210 qni
927 2140 954 2195 in
978 2139 1095 2194 concilio
1109 2138 1161 2193 Pa·
1211 2143 1377 2204 postremum
1390 2134 1480 2189 divino
1491 2136 1607 2206 qondam
1621 2137 1718 2192 mentis
1733 2136 1877 2203 instinctu,
1888 2155 1947 2209 qun
1960 2156 2006 2196 ex·

369 2232 443 2287 risiis
455 2231 573 2287 llenrieo
588 2231 598 2285 l
613 2246 676 2302 rege
690 2231 783 2286 habito
794 2230 947 2294 damnatus,
962 2238 1043 2302 atque
1057 2230 1084 2284 in
1098 2245 1161 2285 eon·
1212 2224 1282 2279 celsa
1297 2239 1419 2294 quaeque
1446 2234 1473 2280 et
1486 2239 1615 2295 generosa
1634 2226 1810 2297 percipiebat,
1821 2227 2006 2300 investigabat

368 2324 431 2380 ellin
446 2321 611 2378 Vercellcnsi
626 2338 651 2376 a.
665 2321 734 2375 tttdd
751 2330 940 2376 concrematus
952 2330 1009 2384 est,
1024 2334 1113 2389 rieqne
1125 2319 1159 2374 ab
1210 2326 1239 2371 et
1255 2317 1289 2370 ad
1302 2324 1453 2371 extromum
1468 2330 1555 2385 usqne
1567 2316 1752 2388 mntemplans
1768 2320 2004 2389 perscrutabatur,

368 2414 504 2484 Erigcua,
521 2428 610 2482 neque
630 2412 801 2464 alterumue
822 2411 959 2479 quodam,
987 2411 1034 2464 aed
1062 2423 1077 2463 a
1105 2408 1159 2463 iia-
1211 2404 1289 2477 longe
1304 2405 1434 2475 plurimos
1446 2413 1474 2461 et
1487 2407 1660 2463 doctissimos
1673 2407 1826 2478 aequahum
1849 2411 2001 2480 superarit.

369 2511 479 2555 tramun
497 2499 664 2570 perscriptus
677 2501 713 2553 sit
731 2497 780 2570 lu).
798 2497 941 2551 llarimnm
955 2506 1045 2552 autern
1057 2507 1084 2551 et
1095 2512 1158 2565 gra·
1245 2497 1388 2567 Erigenam
1402 2497 1480 2553 multi
1498 2497 1646 2568 multisque
1660 2499 1747 2555 modis
1759 2515 1906 2572 perperam
1928 2503 2005 2561 intei-

369 2592 510 2645 vissimnm
533 2589 666 2659 Erigonae
684 2603 752 2657 opus
766 2596 807 2640 est
827 2587 861 2640 de
882 2586 1014 2642 divisione
1040 2585 1159 2640 Naturae
1209 2586 1342 2652 leserunt,
1376 2588 1402 2643 id
1422 2589 1493 2657 quod
1521 2590 1578 2645 lieri
1601 2605 1669 2660 pene
1690 2606 1803 2647 necesse
1826 2592 1892 2658 luit,
1919 2611 2003 2666 qnam

369 2681 501 2749 dialogus,
516 2680 636 2750 quinque
649 2678 725 2732 libris
739 2685 877 2731 constans.
891 2675 941 2742 Qui
961 2691 1014 2745 quo
1036 2685 1158 2746 tempore
1208 2693 1426 2749 unamquamque
1441 2681 1594 2748 veritatem,
1619 2698 1700 2752 quam
1719 2683 1881 2741 acutissime
1902 2688 1999 2756 potuit,
2077 2715 2078 2718 ι

367 2772 539 2842 eorrscriptus
552 2770 596 2835 sit,
614 2770 766 2834 nescimus;
781 2768 969 2824 auctoritatem
982 2783 1046 2822 vero
1062 2777 1157 2822 nactus
1208 2769 1359 2839 exprimere
1370 2771 1502 2838 studeret,
1512 2780 1541 2828 et
1550 2772 1658 2843 ingenio
1672 2773 1814 2848 indulgens
1825 2780 1952 2849 opposita
1964 2781 1999 2835 ila
2077 2761 2078 2778 ¹

365 2871 408 2917 est
423 2861 506 2918 sumto
517 2861 648 2916 minorem
655 2873 788 2929 ea,quam
799 2857 906 2912 meruit.
916 2855 973 2911 Nou
983 2857 1071 2911 vuinus
1084 2856 1156 2911 euim
1207 2859 1424 2930 amplecteretur,
1442 2873 1470 2916 m
1482 2862 1550 2918 loeis
1562 2864 1623 2920 aliis
1634 2865 1686 2920 alia
1698 2875 1726 2921 et
1738 2868 1843 2924 diversa
1857 2871 1892 2926 de
1904 2873 1999 2927 eadem

365 2953 475 3008 eloctum
488 2967 569 3022 quani
585 2950 754 3022 ingeniosum
774 2948 890 3019 primurn
901 2956 944 3002 est
965 2946 993 3002 iu
1008 2945 1157 3002 Occidente
1209 2963 1238 3002 re
1251 2948 1387 3004 disserens
1408 2950 1435 3004 iu
1452 2960 1595 3024 utramque
1608 2962 1714 3023 partem
1728 2958 1836 3012 modum
1852 2974 1939 3031 prope
1954 2976 2000 3015 ex·

330 3101 334 3108 ,
366 3061 434 3115 opus
450 3043 641 3116 theologicum,
653 3041 734 3120 quod,
747 3039 836 3095 indole
847 3038 958 3094 omniuo
967 3038 1155 3110 philosophica
1207 3040 1324 3094 eederet.
1337 3040 1422 3107 Qrtaut
1440 3042 1475 3097 ob
1489 3057 1598 3098 eausam
1612 3045 1683 3100 band
1698 3045 1776 3102 lacile
1787 3051 2001 3121 unumquodque

364 3135 524 3206 praeditum,
541 3132 692 3189 sententias
704 3146 751 3186 eas
764 3130 900 3202 proponit,
914 3129 1013 3200 quibus
1025 3139 1053 3186 et
1075 3130 1155 3185 seha·
1207 3128 1267 3197 civis
1279 3128 1391 3190 dictum,
1409 3129 1432 3185 si
1452 3146 1486 3185 cx
1508 3133 1638 3189 orationis
1658 3145 1786 3191 eoutcrm
1807 3138 1999 3211 abrumpatur,

365 3223 521 3276 lastieorum
531 3221 617 3289 logica
627 3227 654 3275 et
665 3222 777 3292 mystica
793 3221 896 3275 mediae
907 3222 1006 3274 aetatis
1020 3220 1155 3289 theologia
1207 3218 1351 3274 defendere
1361 3235 1454 3289 queas.
1463 3221 1639 3279 Atassirmare
1649 3225 1788 3293 audemus,
1797 3241 1868 3292 eum,
1877 3229 1901 3284 si
1915 3240 2000 3286 totum

366 3312 513 3368 ritaximam
539 3321 643 3383 partem
669 3310 733 3365 nixa
757 3308 923 3365 considerari
942 3318 1040 3377 potest.
1066 3309 1154 3377 Quum
1169 3313 1192 3377 c
1209 3310 1348 3380 respicias,
1364 3313 1493 3367 amussim
1508 3315 1631 3370 veritatis
1652 3332 1783 3388 nusquam
1796 3326 2000 3392 transgressum
2076 3362 2077 3375 .

366 3415 457 3462 antem
469 3405 560 3462 mettin
573 3420 622 3460 rtn
644 3405 800 3475 albigenses
820 3402 949 3458 haeretiei
961 3403 1064 3473 aliquot
1078 3402 1156 3471 hujus
1208 3417 1278 3465 esse,
1291 3403 1363 3473 quod
1377 3405 1459 3459 etiam
1480 3406 1610 3476 singulari
1629 3409 1702 3464 ritae
1725 3407 1783 3479 ejus
1793 3411 1939 3468 sanctitati
1952 3415 2000 3469 rai·
2076 3412 2077 3419 ’

368 3496 459 3568 operis
472 3495 545 3551 locos
560 3509 667 3565 semper
682 3494 708 3549 in
728 3508 776 3549 ore
789 3492 907 3556 ferrent,
922 3500 950 3549 et
963 3493 1095 3565 Erigonae
1108 3508 1156 3548 au·
1206 3495 1281 3549 ninve
1295 3496 1463 3552 conveniret.

366 3587 496 3644 ctoritate
515 3585 717 3657 gloriarentur,
731 3582 865 3638 honorius
877 3580 911 3637 lll
925 3598 995 3652 papa
1011 3597 1058 3637 eos
1072 3583 1155 3637 libros
1241 3583 1386 3641 Enimvero
1393 3585 1555 3657 mlgatailla
1565 3589 1709 3657 sententia,
1720 3604 1801 3661 quam
1811 3599 1894 3662 poeta
1905 3602 2001 3651 nomm

366 3680 486 3751 undique
499 3676 622 3747 conquiri
637 3686 664 3731 et
678 3674 846 3731 concremari
855 3674 947 3746 jussit.
963 3673 1075 3730 Praeter
1089 3675 1156 3730 bace
1181 3676 1183 3683 ’
1207 3684 1328 3746 tempore
1355 3676 1522 3735 clarissimus
1546 3680 1687 3750 protulit:
1715 3681 1806 3739 liundi
1833 3684 2000 3753 historiam,
2076 3690 2077 3697 ’

364 3770 531 3843 praecipua,
557 3782 627 3840 quae
641 3766 757 3838 Erigena
772 3766 891 3836 scripsit,
907 3781 1006 3836 opera,
1026 3766 1155 3821 tredecim
1206 3767 1298 3823 muudi
1317 3783 1378 3825 csse
1409 3768 1541 3839 judicium
1563 3772 1615 3844 (d),
1634 3774 1757 3843 quamvis
1771 3774 1911 3831 interdum
1936 3794 2001 3834 rcra

365 3875 469 3918 mutum
500 3862 637 3933 hymnos,
669 3859 704 3914 ab
732 3858 829 3930 angelo
850 3856 920 3915 Eaio
939 3859 966 3913 iu
996 3860 1089 3914 codiee
1107 3874 1155 3930 pa·
1205 3872 1266 3914 esse
1289 3859 1450 3931 reperiatur,
1475 3862 1635 3933 saepissime
1654 3873 1743 3919 tamen
1765 3864 1854 3933 latiis,
1879 3882 2002 3924 neem

364 3952 504 4024 limpsesto
522 3959 664 4022 repertos,
681 3964 749 4020 qnos
775 3948 887 4004 editioni
914 3957 1023 4004 nostrae
1047 3949 1073 4003 iu
1102 3949 1156 4003 tino
1206 3952 1339 4022 Erigeuae
1353 3962 1445 4009 nostro
1458 3955 1568 4021 accidit,
1593 3963 1623 4010 ut
1641 3971 1711 4027 pene
1731 3972 1837 4026 omnes,
1864 3961 1912 4032 qui
1937 3977 2001 4017 eum

366 4043 526 4112 adjecimus,
541 4042 692 4096 laudandos
707 4054 766 4097 csse
781 4040 922 4106 dunelmum
938 4048 1039 4106 cetera,
1056 4041 1155 4111 partim
1206 4042 1428 4114 vituperaverunt
1440 4045 1483 4100 rel
1497 4044 1685 4112 laudaverunt,
1700 4045 1878 4117 proniudttatt
1890 4060 1922 4106 et
1936 4066 2002 4106 aea·

366 4133 497 4205 temporis
511 4133 611 4188 invidia
626 4131 781 4202 deperdita,
798 4131 848 4185 hoe
865 4131 924 4186 loeo
938 4147 1090 4187 memorare
1104 4146 1154 4186 no·
1206 4131 1272 4187 mini
1282 4132 1340 4202 ejus
1350 4132 1487 4203 capiendis
1498 4134 1609 4189 minime
1623 4151 1703 4206 pares
1716 4135 1921 4210 luerint,atque
1932 4141 2001 4195 aden

365 4226 466 4281 luimus
487 4225 537 4298 (b).
556 4225 659 4279 Forsan
677 4233 730 4276 tam
745 4223 904 4285 discordiae,
924 4238 993 4293 quae
1010 4224 1155 4296 Erigonam
1206 4221 1298 4292 inique
1316 4222 1350 4278 de
1364 4223 1607 4293 coJudicaverint,
1623 4228 1767 4297 perpaucis
1782 4236 1887 4283 tarrtum
1902 4230 1998 4296 altam,

365 4320 438 4376 inter
452 4326 480 4375 et
494 4318 587 4388 plures
602 4316 628 4370 iu
645 4315 761 4370 Eratrtia
775 4302 915 4370 saerorurn
931 4316 1066 4372 antistites
1080 4316 1153 4386 paul·
1205 4327 1258 4382 qua
1282 4314 1421 4385 praeditus
1444 4314 1504 4382 luit,
1527 4324 1645 4372 mentem
1667 4326 1742 4373 reete
1771 4318 1999 4391 intelligentibus.

364 4416 441 4472 latim
455 4417 677 4479 intercesserant,
688 4428 769 4483 qnam
781 4420 857 4466 retus
872 4408 917 4464 illa
929 4422 1014 4480 papae
1026 4406 1127 4463 Nicolai
1144 4405 1154 4462 l
1205 4408 1611 4465 Proiectoenimetiamlatvdem
1623 4409 1792 4482 illorum,qui
1804 4413 2000 4484 philosophum

364 4507 457 4566 citatio
485 4506 650 4576 impulerunt
670 4504 830 4575 Erigeuam,
859 4508 904 4566 ut,
932 4500 958 4555 id
984 4499 1056 4569 quod
1083 4512 1155 4552 stunc
1205 4510 1329 4555 nostrum
1342 4509 1471 4572 tauquam
1486 4500 1618 4570 Spiuosae
1633 4512 1833 4560 antecessorem
1854 4504 2002 4562 declaran-

363 4616 447 4673 prope
464 4607 541 4655 extra
555 4598 665 4655 dubiunr
680 4597 795 4667 positum
810 4601 853 4649 est
866 4589 1061 4662 (probabiliter
1080 4589 1154 4645 circa
1207 4599 1248 4646 tes
1265 4608 1274 4642 a
1291 4592 1490 4662 pantheismum
1509 4591 1568 4661 eius
1582 4602 1610 4649 ct
1627 4608 1737 4649 sensum
1758 4594 1793 4651 ab
1804 4595 1929 4654 Ecclesia
1952 4614 2003 4654 ca-

365 4704 465 4744 annum
480 4687 533 4744 885
544 4687 587 4743 vel
601 4684 691 4756 paullo
709 4682 833 4753 serius),
852 4690 965 4736 vocatus
987 4679 1021 4733 ab
1043 4675 1153 4734 hllredo
1166 4673 1192 4734 D
1206 4678 1303 4735 thelica
1319 4676 1397 4751 (Pop.
1409 4680 1465 4752 Vll)
1477 4680 1687 4738 abhorrentem»
1703 4697 1785 4754 quam
1810 4687 1930 4742 maxime
1945 4702 2000 4758 pn-

366 4778 462 4847 llaguo
477 4776 505 4831 in
519 4774 642 4846 hugliam
657 4789 686 4828 se
698 4774 844 4829 ceulerret.
858 4770 898 4825 lbi
913 4769 1021 4841 quidem
1033 4765 1155 4823 Oxnniae
1206 4780 1296 4827 terant
1318 4770 1471 4827 extulerunt
1491 4771 1526 4844 (e)
1540 4812 1548 4838 ,
1569 4772 1626 4842 ipse
1647 4788 1758 4844 prorsus
1769 4782 1797 4830 et
1811 4774 1923 4846 quidem
1932 4775 2001 4846 jure

367 4870 394 4922 iu
416 4867 569 4921 litterarum
594 4864 769 4918 universitate
792 4875 840 4930 per
868 4860 1001 4930 quoddam
1025 4857 1173 4928 temporis,
1205 4876 1254 4916 sno
1268 4868 1415 4916 recusaret.

367 4960 484 5030 spatium
497 4956 630 5012 mathesin
645 4964 673 5010 et
684 4954 853 5008 dialecticam
864 4952 970 5013 docuit3
986 4960 1154 5021 postremum
1241 4951 1298 5021 Age
1312 4965 1387 5017 vero,
1401 4960 1431 5005 ut
1443 4949 1612 5021 aliquatenus
1624 4952 1776 5021 videamus,
1797 4969 1880 5026 quem
1902 4955 1997 5015 locare

368 5041 1155 5107 incoenobiollalmeslmrieusiabhashictus,submauilms
1207 5044 1320 5115 Erigena
1345 5043 1371 5098 in
1397 5043 1481 5099 choro
1503 5042 1643 5098 doctorum
1658 5045 1919 5115 atquecruditornm
1933 5064 1997 5104 om-

404 5174 806 5254 (u)Cl.lldllinger,1.ehrbuelt
824 5167 1151 5240 dertltrclmqescttctu.
1241 5175 1281 5256 (d)
1307 5193 1317 5226 ι
1332 5174 1381 5229 lile
1401 5173 1629 5301 Weltsseschiclrte
1647 5176 1683 5231 ist
1704 5177 1752 5232 das
1774 5176 1955 5251 Weltgericht
1969 5200 1996 5236 ι.

366 5251 391 5308 R
426 5252 526 5306 ertsbnr
559 5240 943 5311 destituerentutttenttot.
964 5241 1061 5311 l,pag.
1087 5241 1150 5297 tob.
1206 5245 1331 5326 solariter.
1347 5244 1388 5300 Cl.
1404 5244 1455 5300 Th.
1494 5245 1546 5300 alei
1568 5244 1682 5318 praelat.
1705 5247 1732 5302 in
1754 5246 1838 5304 libros
1863 5249 1897 5305 de
1921 5251 1995 5318 din,

393 5268 495 5464 3&OE
534 5317 614 5376 oeltl.
629 5318 648 5373 l.
1206 5331 1238 5386 pa
1260 5314 1387 5369 .ultrma.

455 5390 532 5446 alius
545 5397 588 5444 est
599 5395 690 5443 noster
708 5386 836 5452 loannes,
844 5384 912 5439 alius
929 5382 1047 5440 ioannes
1064 5380 1152 5463 abbas
1252 5383 1277 5457 e)
1291 5383 1332 5440 Gi.
1345 5384 1531 5451 Teunemann,
1542 5360 1693 5442 Geaehiehte
1706 5381 1996 5461 territtaomsttt,

367 5461 569 5533 ethelingensis
581 5497 589 5525 ,
604 5458 649 5528 qui
663 5471 679 5511 a
691 5456 799 5512 sicariis
811 5454 935 5511 mercede
952 5453 1093 5510 conductis
1108 5467 1150 5506 m·
1206 5464 1274 5511 scer.
1290 5454 1312 5521 t,
1324 5472 1350 5525 p.
1361 5454 1396 5511 53
1405 5465 1433 5510 er
1442 5471 1469 5526 p.
1483 5455 1527 5510 ¹12,

368 5530 498 5589 terleetus
511 5538 563 5587 ese

403 5638 717 5702 *Peculiareminannls
733 5640 808 5699 Seoti
830 5643 863 5698 de
874 5640 1043 5698 Eucharistia
1056 5639 1153 5695 libram
1205 5637 1279 5692 etde
1293 5644 1379 5692 morte
1399 5634 1457 5705 ejus
1480 5644 1634 5702 narrantur,
1653 5644 1790 5718 mupqna
1806 5651 1860 5693 non
1872 5649 1950 5704 esse,
1964 5640 1998 5699 ia

370 5716 479 5773 omniuo
493 5731 546 5771 non
558 5714 706 5779 exstitisse,
719 5710 941 5769 verisimillimum
948 5712 1025 5766 nobis
1033 5711 1151 5778 videtur,
1209 5706 1345 5760 l’reoenrio
1359 5707 1520 5763 monuimus.
1535 5706 1576 5763 Gi.
1600 5715 1825 5764 commeationem
1835 5707 1910 5764 laud.
1923 5707 2000 5784 Gap,

371 5794 401 5838 ut
416 5787 581 5841 ostendimus
596 5787 623 5840 iu
635 5783 782 5839 Prooemio.
804 5784 936 5836 hntuuov.
957 5782 1035 5837 Eotr.
1188 5775 1229 5851 ¹ll
1247 5777 1378 5833 Aaraanv.
1399 5776 1478 5834 Entr.

406 5855 436 5893 ⁴*
451 5854 642 5925 llaecquaede
652 5855 739 5910 reditu
752 5853 862 5910 ioannis
883 5850 955 5910 Senti
976 5853 1003 5907 iu
1016 5853 1153 5925 Angliam,
