4167 6625
350 466 372 508 u
1059 451 1273 511 PROOEMIUM.

354 580 568 647 illustrabant.
585 584 691 658 Quare
718 601 819 668 quum
845 583 979 648 omnino
996 585 1138 649 loannes
1158 587 1271 651 scotus
1294 584 1455 666 ejusmodi
1470 582 1605 663 scriptor
1627 581 1676 645 sit.
1705 582 1798 661 cujus
1824 596 1921 661 opera
1945 577 1982 643 ln

355 713 491 777 «Cursu
509 714 667 796 completo
689 737 704 774 a
729 715 925 796 Scriptorum
945 712 1236 778 ecclesiasticorum
1252 713 1427 778 desiderari
1441 714 1495 777 ιιι
1513 712 1661 787 debeant,
1675 711 1832 791 integram
1846 728 1982 793 operum
2045 763 2046 774 ,

353 843 424 922 eius
440 842 614 909 editionem
629 844 777 908 adornari
792 851 823 908 et
836 844 962 926 justum
978 850 1010 906 et
1033 842 1073 906 ab
1091 842 1188 923 hujus
1209 843 1411 908 collectionis
1425 843 1562 908 consilio
1577 842 1663 907 haud
1677 859 1813 922 prorsus
1837 841 1981 906 alienum

353 991 423 1038 csse
439 975 601 1039 duximus.
620 979 656 1039 ln
673 976 846 1041 bisantem
863 978 998 1042 loannis
1020 977 1106 1041 Scoti
1122 977 1277 1059 operibus
1292 980 1321 1042 si
1337 996 1421 1060 quae
1439 986 1620 1055 occurrant,
1636 978 1756 1060 quihus
1769 976 1859 1057 juste
1874 975 1983 1038 οιῐιιι-
2048 1051 2049 1060 ¹

351 1104 449 1183 daris,
465 1122 530 1170 non
549 1105 721 1170 omisimus
738 1129 753 1165 ι
771 1108 904 1170 Munitis
921 1107 961 1172 ad
991 1108 1158 1173 Lectorem
1175 1132 1190 1168 a
1207 1111 1403 1191 praemissis,
1420 1111 1474 1175 ubi
1496 1128 1579 1192 opus
1595 1118 1673 1186 erat,
1688 1106 1879 1191 principales
1894 1121 1984 1170 erro·

350 1253 403 1301 res
418 1247 543 1314 notam,
560 1256 620 1302 neo
642 1254 709 1301 non
723 1239 776 1302 hio
791 1238 859 1303 illic
882 1241 967 1303 notis
982 1241 1149 1323 subjectis,
1167 1259 1251 1325 quae
1265 1243 1346 1307 falso
1366 1251 1421 1307 aut
1438 1243 1547 1307 minus
1572 1251 1658 1307 recte
1676 1243 1892 1322 disputantur,
1909 1255 1984 1302 cor-

352 1368 470 1448 rigere.
491 1372 655 1435 Praeterea
671 1370 705 1433 in
735 1373 1035 1437 commentatione«
1052 1372 1092 1437 ιιι
1113 1374 1224 1438 vitaet
1245 1376 1425 1457 praeceptis
1444 1376 1579 1441 loannis
1595 1376 1681 1440 Sooti
1709 1374 1822 1439 »huic
1848 1391 1984 1455 operum

352 1498 488 1563 editioni
513 1501 699 1581 praemissa,
722 1519 849 1565 errores
874 1502 979 1583 ipsius
999 1504 1114 1569 acriter
1141 1505 1410 1586 perstringuntur.
1429 1505 1461 1568 Si
1476 1506 1529 1570 cui
1553 1504 1768 1569 nihilominus
1783 1506 1817 1570 in
1832 1504 1986 1569 notandis

349 1628 485 1693 loannis
501 1631 586 1695 Scoti
602 1631 767 1696 erroribus
782 1632 905 1714 aliquid
925 1651 943 1698 a
961 1635 1056 1697 nobis
1075 1635 1255 1715 neglectum
1282 1655 1353 1701 esse
1376 1637 1535 1712 videatur,
1553 1638 1755 1702 excusabunt
1769 1652 1830 1700 nos
1844 1651 1918 1700 oum
1935 1633 1985 1696 rei

352 1757 537 1836 difficultas,
554 1767 622 1827 tum
636 1763 801 1845 temporis,
824 1765 912 1846 quod
929 1765 1022 1829 nobis
1040 1766 1073 1828 in
1099 1768 1236 1846 paranda
1252 1769 1394 1833 editione
1411 1767 1545 1833 concedi
1562 1774 1697 1852 poterat,
1719 1766 1899 1847 angustiae.

368 1910 373 1932 ι
399 1884 414 1957 ι
430 1882 462 1943 2.
477 1882 517 1943 Et
532 1882 572 1946 de
585 1884 649 1946 tlne
667 1882 765 1964 hujus
782 1883 936 1948 editionis
950 1883 1028 1947 haec
1042 1884 1173 1965 quidam
1192 1890 1359 1948 hactenus.
1374 1886 1540 1950 Praeterea
1556 1887 1622 1950 duo
1638 1886 1732 1950 uobis
1747 1884 1871 1967 reliqna
1886 1888 1984 1945 sunt:

352 2002 508 2084 primum,
523 2010 559 2065 ut
576 2003 703 2067 codices
718 2051 726 2082 ‚
741 2021 824 2083 quos
839 2003 1067 2078 adhibuimus,
1099 2020 1350 2076 enumeremus,
1371 2002 1508 2076 deinde,
1537 2009 1571 2064 ut
1596 2006 1636 2067 de
1659 2003 1792 2067 loannis
1807 2001 1893 2065 Scoti
1920 2000 1987 2063 vita

352 2125 433 2206 quid
446 2133 648 2206 compertum
666 2123 857 2200 habeamus,
875 2142 1087 2205 exponamus.
1104 2124 1163 2187 Ubi
1190 2130 1295 2185 tamen
1311 2124 1344 2184 in
1359 2141 1439 2185 usus
1456 2140 1545 2184 meos
1558 2134 1744 2184 convertere
1757 2138 1821 2184 nco
1839 2117 1986 2181 dubitavi

350 2242 441 2307 illam
457 2246 746 2308 commentationem
773 2243 810 2306 de
824 2246 892 2306 cita
914 2250 943 2306 et
967 2246 1144 2325 praeceptis
1164 2243 1299 2304 loannis
1321 2242 1428 2316 Scoti,
1454 2241 1571 2304 abhinc
1595 2242 1719 2323 aliquot
1744 2240 1838 2304 annis
1865 2238 1986 2303 editam

351 2371 487 2428 auctore
505 2381 680 2445 anonymo,
697 2381 795 2445 quam
820 2364 972 2443 operibus
988 2362 1191 2443 praemittere
1203 2360 1385 2424 statuimus.
1399 2361 1488 2435 Quae
1514 2376 1614 2440 quum
1633 2359 1666 2422 in
1685 2361 1843 2441 capitibus
1861 2359 1989 2438 gratio·

329 2491 332 2496 ⁴
352 2486 446 2551 ribus
467 2489 511 2550 sit
530 2488 614 2551 bene
631 2490 798 2565 adornata,
814 2490 919 2552 solum
934 2487 966 2550 id
981 2486 1154 2568 supererit,
1173 2492 1205 2549 ut
1218 2484 1386 2561 nonnulla,
1402 2486 1435 2549 in
1454 2486 1573 2568 quibus
1596 2484 1635 2548 ab
1660 2482 1730 2563 ejus
1756 2479 1910 2561 scriptore
1927 2495 1988 2542 no·

330 2607 405 2684 «hta
421 2607 683 2676 dissentiendum
698 2618 767 2685 est,
783 2609 1011 2675 dilucidemus.

1146 2765 1201 2843 ιι.
1315 2867 1319 2872 .

1064 2945 1272 3010 CODICES.

394 3097 409 3171 ι
423 3093 455 3156 3.
469 3093 509 3156 m
524 3091 664 3172 primum
681 3092 812 3172 quidem
829 3092 870 3157 ad
884 3095 1011 3160 codices
1025 3095 1114 3176 quod
1130 3096 1255 3169 attinet,
1272 3093 1307 3157 in
1335 3091 1470 3159 edendis
1486 3091 1754 3172 Expositioaibm
1768 3106 1863 3172 saper
1875 3089 1991 3153 term

356 3215 459 3278 odiam
484 3220 640 3276 coetestem
668 3214 703 3275 S.
727 3213 896 3293 Dionysii,
923 3215 1092 3298 hucusque
1115 3215 1249 3280 ineditis
1272 3231 1308 3278 ao
1331 3231 1433 3298 paene
1457 3213 1652 3293 incognitis,
1676 3212 1885 3276 adhibuimus
1907 3216 1985 3274 tres.

354 3336 380 3397 Ε
397 3334 517 3416 quibus
533 3333 635 3398 codex
649 3334 824 3399 Vaticanus
838 3336 917 3413 652,
933 3337 1029 3402 initio
1046 3338 1150 3404 seculi
1162 3339 1209 3402 ιιι
1225 3338 1387 3418 eleganter
1410 3338 1571 3419 scriptus,
1590 3340 1714 3402 constat
1732 3334 1772 3397 58
1787 3331 1984 3397 membranis

353 3458 483 3524 infolio
501 3457 631 3522 minori.
645 3457 797 3522 Continet
813 3476 888 3523 tero
905 3460 990 3525 solas
1014 3461 1088 3526 illas
1111 3462 1245 3527 loannis
1263 3461 1347 3526 Scoti
1371 3462 1601 3542 expositiones.
1622 3460 1658 3523 ln
1673 3460 1776 3540 prima
1799 3456 1986 3523 membrana

335 3554 472 3642 vmanus
495 3577 598 3642 seculi
616 3578 702 3653 xlv,
723 3585 758 3641 ut
777 3577 915 3653 videtur,
940 3577 1110 3658 adscripsit
1124 3601 1132 3641 ι
1146 3580 1211 3642 Iste
1234 3579 1358 3643 libellas
1381 3599 1485 3651 ea....,·
1510 3599 1549 3643 ea
1571 3579 1624 3643 ιιι
1642 3576 1706 3658 legi
1730 3583 1857 3657 potest,
1881 3581 1987 3639 cetera

335 3680 338 3687 ⁵
360 3701 496 3767 omnino
514 3700 684 3766 obliterata
706 3705 793 3764 sunt.
812 3698 891 3764 Item
908 3717 1023 3764 manus
1040 3701 1144 3765 seculi
1167 3700 1244 3763 Xlll
1259 3702 1427 3775 exeuntis,
1451 3708 1487 3765 ut
1514 3701 1651 3772 videtur,
1666 3700 1700 3762 in
1723 3698 1868 3764 interiori
1885 3714 1987 3761 mem·

334 3806 339 3819 ¹
355 3822 474 3886 branae
492 3828 582 3902 parte
597 3820 727 3902 scripsit
744 3841 752 3882 ι
771 3842 878 3885 samaa
895 3823 952 3905 (sic
965 3826 985 3904 l)
1016 3825 1153 3887 omnium
1169 3824 1383 3906 tdealopcram
1401 3827 1480 3902 iste,
1503 3841 1586 3906 quae
1609 3825 1707 3888 verba
1730 3841 1917 3906 quanquam
1934 3823 1987 3888 di·

353 3944 450 4009 luere
464 3946 596 4028 quidam
616 3945 753 4022 studuit,
769 3951 876 4010 tamen
890 3946 974 4011 bene
988 3955 1125 4028 possunt
1141 3947 1246 4013 adhuc
1273 3949 1444 4030 distingui.
1460 3948 1578 4024 Quater
1591 3946 1640 4010 ιιι
1656 3944 1833 4026 quinquies
1848 3946 1887 4009 ad
1903 3964 1986 4009 mar·

357 4069 466 4149 ginem
483 4066 771 4147 deprehenduntur
797 4066 922 4144 glossae
949 4066 1047 4130 trium
1072 4067 1122 4131 ιιι
1149 4075 1302 4148 quattuor
1327 4068 1498 4133 uerborum
1514 4114 1523 4146 ‚
1539 4085 1619 4148 quas
1634 4082 1734 4147 quum
1753 4066 1807 4129 ιιι
1826 4068 1984 4148 potuerim

356 4186 560 4266 dignoscere,
577 4184 717 4266 neglexi.
734 4185 778 4259 ls,
792 4186 848 4265 qui
871 4185 990 4249 librum
1008 4186 1198 4268 descripsit,
1226 4205 1357 4252 sensum
1381 4188 1437 4251 ιιι
1464 4205 1603 4270 unquam
1632 4190 1757 4271 attigit;
1775 4206 1873 4273 quare
1888 4194 1986 4258 inter·

355 4306 491 4389 punctio
502 4305 675 4371 falsissima
689 4310 758 4380 est3
774 4304 854 4383 quin
871 4303 939 4369 imo
953 4305 1018 4370 duo
1036 4306 1132 4371 verba
1143 4308 1228 4372 baud
1243 4327 1314 4373 raro
1328 4310 1363 4372 in
1380 4324 1481 4374 unum
1499 4309 1743 4387 contrahuntur,
1759 4310 1820 4376 alia
1832 4310 1986 4377 dismem-

354 4431 498 4493 brantur.
515 4430 629 4493 Finem
646 4443 759 4491 versus
775 4427 891 4491 menda
909 4434 985 4490 sunt
1003 4430 1176 4494 crebriora.
1193 4431 1312 4495 Graeca
1330 4431 1440 4508 rerba,
1455 4448 1538 4512 quae
1557 4440 1754 4507 occurrunt,
1771 4432 1854 4497 male
1867 4435 1985 4517 scripta

355 4557 445 4615 sunt.
464 4552 512 4612 ιιι
526 4550 587 4614 heo
599 4548 701 4628 igitur
716 4546 827 4611 codice
839 4563 942 4627 quum
958 4548 1091 4612 Carolus
1109 4550 1229 4626 Greitlt,
1246 4551 1387 4616 ecclesiae
1399 4553 1432 4617 S.
1449 4552 1534 4616 Galli
1549 4553 1584 4616 ta
1597 4552 1741 4618 Helvetia
1755 4572 1985 4637 aaaepraepa·

249 4736 258 4747 ,
354 4675 436 4737 sitas
454 4690 489 4733 aa
508 4669 678 4752 officialis,
694 4668 1009 4747 expositionesillas
1027 4674 1270 4754 descripsisset,
1293 4674 1469 4740 liberaliter
1494 4677 1573 4740 mibi
1589 4677 1714 4756 copiam
1732 4680 1786 4744 sui
1808 4681 1988 4762 apographi

355 4795 443 4868 lecit,
458 4791 546 4873 quod
561 4788 680 4852 deinde
694 4789 813 4853 Romae
823 4791 932 4856 denuo
947 4794 987 4857 ad
1001 4795 1119 4858 codicis
1135 4795 1229 4859 tidem
1248 4804 1280 4859 et
1293 4796 1364 4874 ipss
1379 4796 1550 4876 diligenter
1563 4801 1698 4865 contuli.

398 4921 412 4993 t
429 4916 461 4977 la.
476 4924 565 4978 atter
581 4917 631 4974 est
649 4909 750 4973 codex
765 4928 823 4973 ms.
843 4910 897 4973 lat.
912 4912 972 4975 380
985 4912 1200 4979 bibliothecae
1215 4914 1334 4994 Regiae
1351 4916 1562 4994 Monacensis,
1582 4921 1660 4984 olim
1674 4921 1859 4989 Electoralis
1872 4924 1989 4990 biblio·

357 5039 468 5102 thecae
483 5030 766 5097 serenissimorum
787 5036 957 5118 utriusque
981 5037 1133 5102 Bavariae
1163 5039 1281 5102 ducum
1298 5086 1306 5117 ,
1323 5046 1357 5103 ut
1375 5056 1413 5103 ιι
1430 5042 1547 5123 insipat
1562 5060 1673 5108 earum
1691 5088 1700 5120 ,
1729 5045 1877 5109 interiori
1900 5051 1995 5129 partq
2030 5076 2054 5089 -

357 5162 502 5248 operculi
516 5161 609 5225 affixo
625 5207 633 5237 ,
653 5162 877 5239 cognoscitur,
888 5163 1176 5237 membranaceus,
1192 5162 1295 5226 seculi
1310 5163 1387 5226 xlll
1401 5206 1410 5238 ,
1426 5164 1468 5241 ι’,
1493 5164 1595 5230 literis
1622 5171 1769 5232 exaratus
1796 5166 1989 5232 minusculis

356 5288 435 5353 satis
448 5283 572 5356 nitida,
596 5286 717 5345 etcum
741 5277 965 5344 abbreviatore
995 5279 1141 5361 vulgari,
1157 5280 1190 5343 in
1208 5280 1366 5362 principio
1402 5282 1556 5360 mutilus3
1580 5301 1668 5350 nunc
1692 5291 1816 5350 constat
1835 5283 1923 5350 loliis
1937 5288 1988 5349 96.

356 5411 457 5478 Tituli
473 5417 505 5474 et
519 5402 802 5483 numericapitum
819 5411 897 5466 surrt
911 5404 1057 5485 [miniati.
1084 5403 1229 5468 initiales
1253 5404 1354 5468 minio
1380 5423 1452 5469 cum
1475 5407 1638 5487 pigmento
1669 5404 1817 5469 caeruleo
1844 5404 1990 5470 adhibito

356 5543 433 5597 ⁵⁰⁰¹
450 5534 614 5612 fllflssflsslel
629 5533 811 5606 fllflboratae
825 5532 1019 5625 ,ductuque
1047 5528 1133 5591 haud
1158 5544 1229 5593 raro
1248 5546 1353 5608 usque
1382 5528 1422 5592 ad
1448 5530 1544 5594 tinem
1562 5529 1768 5594 membranae
1786 5529 1990 5612 pertingente

358 5654 530 5732 praeditae.
549 5660 577 5720 A
594 5662 689 5724 variis
707 5658 857 5724 manibus
873 5653 996 5735 passim
1022 5653 1181 5735 scriptura
1196 5650 1338 5716 radendo
1365 5652 1414 5716 vel
1440 5653 1629 5735 corrigendo
1645 5653 1677 5716 in
1694 5652 1763 5733 ipsa
1779 5659 1887 5717 textus
1904 5651 1989 5716 linea

357 5785 489 5857 mutata,
505 5781 591 5846 haud
607 5800 708 5863 pauca
723 5799 821 5863 supra
843 5777 895 5844 ιιι
913 5779 953 5842 ad
967 5780 1145 5859 marginem
1158 5778 1319 5857 adscripta
1337 5786 1420 5840 sunt.
1438 5778 1652 5842 Continentur
1667 5793 1704 5841 co
1719 5775 1797 5841 lraec
1814 5800 1822 5840 ι

398 5907 428 5972 ι.
457 5906 514 5972 fol.
542 5908 726 5984 1,1-o‚a
752 5906 969 5984 fragmentum
1001 5903 1155 5968 amalonis
1186 5899 1323 5964 caelestis
1356 5898 1544 5963 lerarchiae.
1572 5899 1666 5972 Quod
1694 5898 1807 5980 incipit
1842 5917 1851 5962 t
1881 5915 1991 5981 tapet-
