4167 6625
376 299 432 377 nr
1074 248 1338 367 ulmechon
1595 298 1601 305 ’
1918 333 1957 395 7„

376 426 408 470 se
429 415 603 479 manutertii:
624 409 652 468 in
676 409 799 469 numeris
818 409 968 484 comoralis
988 422 1104 473 naturae
1129 432 1178 490 po·
1189 421 1290 492 Anaia
1307 422 1335 480 in
1355 432 1523 497 augmentant
1548 426 1607 500 eius
1627 427 1650 499 l,
1662 433 1728 503 atat
1745 434 1854 505 inrita,
1869 442 1957 519 quun

377 502 442 571 tias,
462 517 544 574 qnam
565 503 593 559 in
616 503 759 575 speciebus
772 502 907 577 generalis
922 505 1005 572 uitae,
1027 506 1131 574 diuina,
1147 517 1178 565 ut
1230 516 1384 571 conueniens
1398 528 1452 586 ert,
1467 517 1556 590 affert.
1572 518 1636 590 ipro
1649 522 1725 579 etiam
1738 528 1870 597 germinalis
1880 536 1957 610 licitu,

377 592 563 668 praediximus
570 633 584 674 t.
605 594 767 651 auctoritate
785 595 913 668 deputata
930 604 983 654 eet.
1002 595 1036 653 lu
1050 599 1177 669 quoniam
1229 610 1254 658 et
1267 603 1339 659 eirca
1358 607 1478 676 germina
1499 607 1701 679 consideratum
1726 630 1818 671 neeesse
1832 630 1864 674 ert
1876 621 1894 654 ¹⁰
1911 628 1958 685 eun

376 683 437 758 ipsa
449 700 499 758 per
510 698 541 741 se
551 678 736 758 ,germinalis
749 684 879 743 videlicet
899 687 973 755 rita,
993 688 1052 744 sine
1075 689 1179 748 altioris
1229 695 1309 751 etiam
1322 696 1351 753 iu
1365 698 1525 769 perminibar
1535 699 1640 757 sitalem
1653 704 1779 775 quondan
1786 709 1889 767 uirtutem
1896 732 1959 775 omia

377 775 460 844 ritae.
476 775 685 837 sensualisulico
698 787 726 835 et
740 779 899 849 rationalis,
920 783 1115 842 communione
1129 799 1178 856 po-
1229 796 1361 859 ecpertem
1385 787 1506 862 inteliipi.
1526 790 1617 847 altera
1637 809 1695 850 oero
1712 801 1960 875 praetorianorum

377 871 432 923 test
447 864 576 937 intelligi,
589 866 728 926 rationalis
740 884 809 928 uero
821 878 849 930 et
861 871 995 931 semeonis
1010 874 1114 947 absque
1131 876 1177 934 illa
1229 879 1299 934 uitae
1311 889 1362 948 ert,
1376 896 1444 952 quae
1456 890 1481 938 et
1495 883 1545 938 ior
1558 883 1647 952 babet,
1660 886 1728 958 guod
1740 889 1859 959 proedicto
1869 898 1960 971 mrim,

266 1012 273 1023 ,
377 957 481 1015 nolum
496 972 595 1030 corpus
612 971 739 1034 vegetare
755 964 917 1023 naturaliter
932 967 1072 1037 sinuntur,
1090 968 1179 1027 donec
1229 971 1336 1044 insuper
1349 973 1429 1029 etiam
1443 990 1490 1045 per
1504 991 1609 1031 tenram
1623 976 1797 1035 administrari
1808 984 1897 1056 aecem.
1911 987 1961 1057 psa

377 1053 405 1111 in
427 1054 613 1124 superioribus
638 1056 792 1114 animarum
807 1059 955 1118 viventium
983 1060 1083 1147 lormis
1110 1062 1178 1121 lusi·
1229 1067 1327 1140 species
1349 1069 1377 1124 in
1392 1079 1588 1127 naturarerum
1602 1071 1625 1106 ¹¹
1639 1073 1846 1131 irrationabilium
1862 1090 1899 1137 est.
1914 1081 1960 1143 lisa

377 1153 497 1201 nuaotar
510 1145 557 1213 ¹‚a
568 1161 646 1204 sacra
658 1149 798 1221 Scriptura
811 1159 948 1209 reseruata
958 1153 1186 1211 est².dnimasi-'
1229 1176 1282 1216 non
1296 1158 1383 1216 tolum
1397 1162 1478 1217 nutrit
1493 1172 1518 1217 et
1533 1172 1629 1236 capet,
1643 1165 1691 1220 red
1702 1164 1778 1221 etiam
1790 1172 1910 1226 senrrabn
1920 1191 1960 1246 op-

378 1234 488 1305 auidem
500 1236 575 1294 omni
581 1253 669 1295 sensu
680 1255 789 1311 carens,
800 1251 876 1299 mutu
889 1244 1084 1314 quoque-vitali
1096 1244 1178 1303 ueltui
1229 1252 1358 1307 rationem
1376 1252 1616 1326 perceptionemque
1628 1253 1651 1286 ¹¹
1667 1253 1752 1311 babet.
1771 1254 1876 1326 Perseus
1890 1267 1962 1323 uroir

375 1325 490 1381 omniuo
502 1340 597 1383 carere
606 1327 724 1385 ridetur.
748 1328 788 1385 hc
799 1345 849 1401 per
860 1332 913 1389 hoc
924 1333 1015 1389 anima
1029 1332 1179 1392 solummu-
1229 1356 1338 1413 eorpore
1351 1340 1404 1398 uita
1422 1343 1451 1398 in
1470 1344 1639 1412 rationabili,
1659 1346 1775 1403 bumana
1792 1348 1856 1418 dieo,
1870 1351 1963 1421 [amau

374 1410 530 1481 dudicitor,
545 1431 599 1471 non
614 1406 988 1478 saumsirmsnilmouec
1001 1423 1174 1480 hocmiroto.
1229 1441 1343 1502 natura,
1366 1443 1391 1489 et
1415 1434 1542 1491 nutritiva
1565 1445 1622 1506 eu,
1644 1446 1669 1493 et
1688 1438 1963 1509 numinensium

376 1501 407 1560 st
420 1505 494 1561 enirn
507 1506 534 1561 iu
549 1504 699 1563 iulantihos
711 1509 739 1565 in
753 1517 831 1566 utero
843 1512 982 1583 conceptis
996 1520 1043 1568 aot
1051 1527 1086 1570 ex
1097 1521 1178 1572 utero
1228 1525 1381 1599 participat,
1395 1536 1420 1582 et
1433 1528 1521 1584 animo
1535 1527 1558 1561 ¹⁸
1568 1529 1712 1587 ministrat.
1725 1531 1795 1589 idem
1807 1534 1832 1590 iu
1842 1535 1914 1592 cumn
1923 1552 1963 1594 ser·

375 1595 577 1669 egredientibus
591 1598 653 1654 talis
668 1600 759 1656 anima
770 1601 952 1667 existimatur,
966 1602 1049 1660 ueluti
1063 1604 1178 1663 rationis
1229 1610 1326 1684 nimie,
1345 1618 1441 1691 quinto
1459 1619 1565 1678 decimo
1582 1622 1688 1693 capite:
1710 1621 1789 1692 Tres,
1807 1623 1890 1697 lupuit,
1904 1642 1964 1683 totta

375 1686 627 1761 intelligentiaeque
640 1692 752 1747 omnino
764 1707 874 1763 expers,
888 1709 949 1751 coro
962 1704 991 1752 ct
1009 1696 1177 1755 rationabilis
1212 1706 1293 1764 -aam
1315 1709 1420 1766 uitatem
1444 1711 1565 1768 uirtutem
1589 1712 1754 1785 differentias
1777 1716 1839 1771 ratio
1857 1718 1964 1773 leutii:

374 1786 404 1834 et
418 1777 608 1836 intellectualis
623 1780 634 1814 ⁸
649 1783 702 1850 sit,
714 1784 838 1854 quamvis
847 1786 963 1843 rahonis
981 1796 1009 1844 ct
1024 1788 1178 1848 intellectus
1191 1790 1216 1853 B
1228 1800 1342 1870 primam
1351 1800 1457 1874 quidem
1468 1803 1637 1870 nutritivum,
1648 1806 1707 1862 eine
1716 1808 1965 1871 consumendarum

375 1867 476 1928 iudicia
501 1870 530 1926 in
550 1873 705 1931 recentibus
719 1875 809 1931 adhoc
821 1886 850 1932 et
864 1876 1031 1948 imperfectis
1053 1880 1175 1952 corporis
1226 1891 1380 1948 „consrvom
1396 1892 1502 1963 quidem
1520 1902 1546 1950 et
1564 1896 1734 1963 musitioam,
1751 1906 1867 1968 eeperten
1882 1915 1927 1955 uu
1939 1916 1966 1956 re

374 1960 519 2034 particulis
545 1977 599 2018 non
631 1964 717 2035 possit
739 1964 934 2024 manifestare:
959 1979 1061 2040 quanto
1087 1972 1176 2045 magis
1225 1982 1334 2040 sannatia
1347 1986 1599 2056 opermlonie,item
1613 1990 1720 2045 terrim
1735 1982 1966 2063 rationaiilon'atpn

374 2052 466 2109 anima
480 2054 536 2124 illu,
551 2054 747 2130 intelligentiae
759 2059 862 2118 uiribus
872 2069 901 2118 et
912 2062 1026 2121 rationis
1038 2072 1067 2122 et
1078 2081 1176 2125 acuatu
1225 2072 1321 2145 sertam
1333 2113 1341 2141 ‚
1353 2089 1506 2147 amanugus
1520 2076 1640 2133 uirtutem
1653 2087 1835 2150 penetrantem.
1846 2078 1966 2152 lapatho

373 2144 534 2201 naturaliter
548 2146 696 2217 destituta,
712 2165 765 2207 non
781 2150 919 2209 immerito
934 2155 1042 2213 animae
1055 2157 1173 2216 niventis
1225 2164 1254 2222 ln
1271 2163 1341 2223 libro
1358 2165 1393 2223 de
1409 2182 1475 2224 tera
1493 2166 1656 2240 Religione:
1678 2166 1788 2225 Nonait
1805 2170 1880 2235 nobi,
1896 2170 1966 2243 iuguli,

372 2232 506 2291 rambula
519 2250 574 2291 nan
589 2235 682 2295 debuit
704 2239 733 2295 in
755 2239 897 2315 Scriptura
915 2246 1081 2316 significari?
1100 2249 1173 2307 lltsc.
1225 2255 1318 2329 religio
1340 2257 1427 2314 cultus
1444 2258 1518 2314 illias
1537 2259 1623 2325 sitae,
1642 2275 1697 2330 gua
1714 2258 1833 2314 dieantur
1847 2258 1967 2315 adorari

373 2318 452 2384 hono
470 2339 581 2383 sensum
598 2331 736 2400 approba,
755 2340 784 2388 et
803 2343 916 2393 naturae
931 2352 1023 2395 rerum
1033 2342 1174 2413 propheti·
1225 2362 1298 2415 nere,
1312 2349 1439 2419 quoniam
1452 2346 1542 2404 nullut
1557 2363 1650 2404 renent
1665 2348 1694 2403 iu
1712 2344 1966 2418 insonaturum

372 2415 467 2488 cisque
480 2420 653 2478 sermonibus
666 2425 813 2482 convenire
826 2428 972 2499 perspicio.
989 2429 1175 2488 Veruntamen
1225 2454 1287 2495 nere
1298 2448 1337 2495 ert
1351 2440 1421 2508 iota,
1433 2456 1488 2511 aaa
1504 2440 1589 2497 nostri
1602 2438 1722 2512 eorporis
1735 2439 1891 2496 numerositer
1901 2440 1966 2511 agium

372 2506 501 2576 quoniam
529 2507 607 2562 multi
632 2518 711 2577 suut,
738 2513 786 2584 uui
811 2512 960 2573 herharont
984 2517 1175 2592 lignorumque
1224 2534 1968 2608 quaenpmfflptltistouanmm,guaeummpm

372 2606 517 2665 ⁰⁰¹l⁰f⁰³⁸
530 2595 616 2652 '¹¹⁰¹OE
626 2598 738 2656 ⁰¹¹¹¹¹l¹l⁰
761 2601 871 2660 lllilbffl
885 2614 990 2663 ¹¹¹⁰lllm
1002 2622 1057 2664 ¹¹⁰ss
1070 2608 1173 2667 habere
1188 2608 1204 2641 ⁶
1224 2625 1357 2682 cilluntur.
1370 2624 1430 2683 ttae
1441 2635 1528 2683 autem
1538 2625 1682 2683 meliorest
1694 2627 1748 2683 rito
1760 2625 1965 2692 semianaettsnu

373 2683 553 2753 mumolum,
566 2686 687 2745 dicentes
700 2689 824 2761 humore,
839 2710 893 2767 quo
903 2698 1052 2767 virescunt,
1063 2710 1091 2756 et
1101 2701 1174 2760 nulla
1224 2720 1305 2775 „pm
1322 2684 1467 2775 pallearum
1485 2704 1570 2776 catere
1589 2733 1643 2774 non
1660 2717 1791 2774 debemus.
1809 2715 1865 2773 nra
1880 2715 1907 2771 tt‘t
1920 2713 1968 2769 ΜΗ·

371 2773 425 2833 alia
437 2777 493 2835 rita
508 2781 640 2852 vegetmi,
656 2790 730 2839 trram
743 2786 910 2857 praedictam
924 2788 958 2845 de
970 2791 1022 2849 hoc
1037 2806 1068 2850 rc
1080 2794 1173 2866 dispu-
1224 2806 1315 2879 alipio
1334 2807 1376 2863 uel
1393 2808 1452 2880 {pm
1469 2807 1585 2879 perscore
1602 2815 1627 2863 et
1646 2809 1750 2880 raptem
1765 2802 1967 2870 arimanniamlu.

373 2868 503 2927 tationem
518 2874 593 2944 graui
608 2875 725 2946 quadam
746 2881 908 2940 auctoritate
924 2884 1006 2942 selim
1025 2887 1171 2958 roborari,
1223 2897 1277 2952 siue
1290 2897 1319 2952 iu
1332 2896 1479 2952 ministerio
1491 2896 1608 2967 partium
1621 2894 1817 2967 stabilimine
1827 2895 1851 2949 in
1862 2891 1967 2948 neuneu

372 2974 444 3036 quae
461 2972 555 3035 aperte
570 2966 776 3038 pronuntiaret,
791 2970 892 3030 herhas
908 2975 1073 3050 arboresque
1086 2979 1174 3051 gonb-
1223 2986 1411 3042 uniuersitatis.
1431 2984 1466 3041 lit
1483 2985 1553 3042 hacc
1574 2984 1731 3042 testimonia
1747 2983 1922 3057 praedictorum
1934 2979 1967 3036 lr·

371 3066 489 3126 cumque
510 3056 601 3128 specio
622 3058 696 3117 ritae
721 3059 733 3093 ⁸
754 3061 949 3124 administrari.
967 3068 1038 3127 ltro.
1062 3070 1120 3129 Non
1146 3082 1174 3132 ta
1225 3086 1296 3134 trum
1312 3078 1348 3134 ad
1361 3091 1395 3134 ea
1409 3076 1578 3145 roboranda,
1591 3091 1664 3148 noae
1679 3076 1808 3141 diximus,
1821 3071 1968 3137 uuonan

372 3144 456 3215 latet,
472 3155 501 3202 ot
511 3150 641 3219 arbitror,
655 3155 776 3212 amnium
787 3157 1010 3233 philosophorum
1023 3164 1058 3220 da
1070 3166 1171 3224 mundo
1183 3145 1208 3211 G
1223 3167 1330 3239 opinor.
1342 3166 1417 3224 hasa.
1429 3164 1571 3223 Sulllcluot
1580 3165 1708 3238 quidem,
1720 3180 1748 3223 et
1757 3165 1790 3222 ad
1803 3163 1850 3221 ulia
1862 3171 1967 3220 tntum·

373 3237 569 3310 disputantium
586 3241 620 3299 de
640 3243 691 3299 hac
709 3257 791 3318 parte
809 3259 924 3309 naturae
937 3256 1093 3315 unanimem
1113 3272 1173 3318 esse
1223 3261 1298 3319 darn.
1313 3258 1348 3317 tt.
1363 3258 1431 3317 llide
1444 3260 1554 3334 itaque,
1569 3272 1653 3332 qaam
1667 3258 1795 3333 pulchrae
1808 3256 1968 3330 ingredituae

372 3332 547 3390 renuntiant.
560 3334 645 3391 hiant
660 3338 748 3404 cutim,
762 3343 853 3398 omnia
875 3359 1000 3416 corpora,
1015 3364 1087 3421 quae
1100 3351 1172 3409 intra
1223 3353 1278 3410 ries
1293 3366 1404 3418 return,
1418 3350 1519 3408 divinis
1531 3351 1660 3408 ordlnata
1677 3350 1798 3423 eloquiis.
1814 3348 1900 3417 Quinto
1911 3343 1968 3415 aad

372 3419 447 3479 hunc
464 3422 594 3480 mundum
614 3426 772 3484 sensibilem
793 3432 976 3505 continentur,
997 3439 1072 3496 uitali
1095 3452 1172 3501 mota
1223 3443 1285 3502 dem
1294 3443 1338 3501 dle
1347 3442 1530 3500 conditionem
1541 3441 1701 3500 animalium
1712 3436 1968 3515 quuqoeparuusun

372 3511 518 3579 contineri,
534 3513 593 3571 sive
605 3514 634 3570 in
649 3522 721 3573 stato
733 3517 803 3585 siun.
816 3521 873 3579 site
884 3522 911 3580 in
925 3535 1010 3583 moto.
1022 3528 1096 3587 Dosa.
1108 3531 1173 3588 0m·
1222 3533 1383 3606 pollentium
1399 3531 1517 3605 primum
1532 3532 1556 3565 ¹⁸
1567 3531 1715 3605 depromit.
1925 3613 1930 3626 1

371 3599 453 3658 nihos
464 3601 718 3675 philosophantibus
741 3623 775 3665 ac
796 3610 808 3642 ⁸
826 3611 1001 3687 philosophos
1020 3617 1172 3690 legentibus
1258 3622 1304 3679 59.
1323 3621 1377 3679 Sed
1392 3622 1427 3679 de
1438 3620 1529 3678 aalma
1541 3622 1665 3680 omniurn
1678 3618 1886 3680 irrationrhdium
1897 3627 1968 3673 tatur

371 3690 438 3749 illud
456 3692 628 3752 notissimum
647 3705 700 3755 est.
725 3698 793 3757 llam
815 3711 844 3759 et
861 3703 938 3763 Plato
956 3707 984 3764 in
1003 3709 1126 3780 Timaeo.
1143 3722 1172 3773 ot
1225 3713 1290 3772 lium
1306 3728 1360 3770 uon
1376 3712 1553 3771 mediocriter
1569 3728 1695 3784 moveor,
1714 3727 1766 3787 qua
1784 3713 1876 3769 ratium
1889 3703 1967 3780 notul

370 3784 476 3845 Plinius
489 3790 624 3847 mundus
637 3790 663 3847 in
671 3790 794 3851 Naturali
807 3794 938 3867 Historia,
950 3802 1172 3867 martiiestissime
1222 3814 1378 3864 sanctorum
1395 3805 1507 3863 Petrum
1527 3821 1591 3864 cam
1616 3809 1777 3881 corporibus
1799 3820 1853 3863 eam
1873 3800 1967 3864 trouu,

297 3867 305 3883 ⁶
370 3875 762 3939 delrisnoseducent.biac.Si
780 3884 872 3957 itaque
890 3893 1171 3955 saucmrumi'atrum
1222 3911 1276 3954 uec
1300 3896 1402 3953 diutius
1417 3896 1826 3970 permanerepossaaiilrmaot
1843 3886 1967 3949 Basiliuat'r

371 3965 527 4022 testimonia
541 3968 664 4038 quaeris,
674 3971 736 4028 audi
747 3973 1092 4053 nobilissimumliasiliom,
1104 3985 1171 4045 Cae·
1221 3988 1332 4063 quidem
1345 3988 1368 4023 ¹⁸
1381 3989 1409 4046 iu
1419 4004 1490 4046 nona
1502 3989 1649 4062 tlnomilta
1665 3993 1694 4049 in
1705 3989 1817 4050 Genesin
1831 3986 1865 4043 ait
1876 4002 1881 4039 :
1893 3981 1966 4039 blau

370 4072 469 4117 saraae
481 4059 670 4133 Cappadociae
688 4067 853 4137 antistitem,
873 4071 901 4128 in
922 4076 1037 4146 septima
1057 4079 1170 4138 homilia
1221 4093 1293 4139 terra
1306 4083 1424 4140 animaru
1443 4083 1539 4139 uinum.
1560 4082 1667 4153 Quare,
1689 4075 1966 4156 inquinamentum

372 4149 525 4210 inGeuesin
538 4171 546 4209 r
559 4151 788 4231 bleranorum,
800 4162 898 4234 iuquit,
910 4168 1170 4238 reptiliuauiutarurn
1220 4175 1324 4243 educit,
1340 4175 1391 4231 nisi
1405 4183 1434 4229 ut
1449 4175 1537 4233 ditrtu
1556 4176 1734 4248 differentiam
1749 4177 1845 4233 animae
1855 4167 1933 4244 peeoris
1942 4163 1964 4218 sl

370 4243 499 4300 meorum.
520 4243 601 4300 Nunc
620 4248 735 4318 primurn
757 4254 903 4311 ammatum
928 4257 1029 4316 animal
1051 4273 1167 4321 creatur.
1220 4265 1454 4323 animohomt'nisl
1466 4252 1965 4346 ht·¹⁸paolopost:cogoueaqurtlt

317 4329 320 4336 '
370 4329 495 4391 Gennina
509 4336 578 4392 eninr
594 4346 619 4394 et
634 4340 752 4411 arbores,
767 4344 816 4400 etri
829 4346 1168 4427 uiueredieantarpropter
1220 4357 1310 4413 anima
1325 4356 1440 4413 bominis
1454 4356 1527 4427 lacta
1541 4365 1601 4425 eet,·
1617 4374 1688 4415 nuno
1703 4368 1787 4416 autent
1805 4355 1862 4410 audi
1876 4351 1902 4405 de
1916 4347 1962 4401 int·

369 4425 599 4498 participationem
624 4432 765 4491 nutritivae
782 4445 807 4493 et
826 4441 970 4498 aeolicae·
989 4445 1108 4515 uirtutis,
1126 4459 1168 4505 att
1219 4445 1386 4503 tionabilium
1403 4447 1515 4515 animo,
1534 4448 1659 4521 moniam
1674 4491 1682 4518 ‚
1698 4450 1778 4523 iacta
1794 4443 1857 4519 quob
1870 4440 1963 4534 renutat

369 4532 424 4575 mon
442 4520 524 4577 etiam
542 4523 688 4594 animalia,
708 4544 790 4600 neque
815 4534 935 4591 animata
966 4547 1038 4594 eant.
1062 4540 1167 4615 Grego-
1220 4548 1275 4607 eet,
1291 4538 1376 4595 omnir
1391 4537 1516 4595 animalis
1530 4538 1620 4595 anima
1635 4542 1745 4614 sanguis
1758 4539 1812 4611 eius
1822 4541 1864 4591 ert.
1881 4530 1963 4597 Sabim

370 4609 427 4667 rios
443 4611 507 4669 item
524 4611 697 4686 nyssaeos’,
711 4621 758 4690 uui
780 4623 861 4681 eliam
881 4624 1069 4690 Nazianzenus
1088 4648 1168 4692 roca-
1220 4639 1309 4687 autem
1327 4638 1464 4685 ⁶⁰l¹⁶tll¹l⁸
1481 4629 1511 4684 t'lt
1525 4646 1631 4686 cltum
1655 4624 1963 4688 manoncourmt'l5l1ll

369 4708 414 4757 tur
423 4713 449 4768 ι,
460 4703 591 4774 praedicti
600 4706 691 4767 Basilii
701 4727 847 4783 germanos
857 4718 953 4791 irater,
961 4722 989 4781 ln
999 4739 1126 4785 sermone
1134 4727 1169 4786 dc
1219 4738 1279 4779 teto
1295 4731 1419 4794 ⁶⁰tt¹llll⁰
1433 4722 1461 4778 5²¹
1476 4731 1575 4778 wilm
1590 4722 1751 4779 resoluitur:
1762 4718 1963 4790 communiuit·

369 4791 487 4865 imagine
500 4797 589 4867 capite
601 4811 698 4859 acuto
712 4822 719 4858 t
735 4806 824 4874 Docet,
839 4811 947 4884 inquit,
963 4819 1031 4874 ratio
1045 4820 1073 4876 in
1083 4821 1169 4879 tribur
1220 4830 1286 4872 rouo
1302 4815 1434 4887 ulmam
1452 4822 1492 4870 ²⁸¹
1511 4814 1602 4869 anina
1614 4813 1804 4886 lflmlllilm·
1823 4809 1963 4903 fflm'f'l‘

369 4883 524 4955 differentiis
536 4888 641 4945 uitalent
654 4894 847 4972 animalemque
859 4904 982 4964 uirtutem
992 4911 1166 4970 considerari,
1219 4915 1291 4962 terro
1306 4906 1422 4960 animam
1438 4904 1572 4961 uineatent.
1592 4902 1659 4961 Vide
1677 4901 1870 4979 consequentia
1883 4901 1961 4950 illm

370 4967 431 5026 llna
445 4973 515 5029 enirn
527 4976 659 5047 quaedam
678 4992 733 5049 ert,
751 5000 819 5052 guae
838 4993 1003 5051 solummodo
1022 4999 1169 5056 imremen·
1221 4995 1256 5053 otl
1279 4995 1448 5068 sanguinem,
1464 4996 1600 5067 sauguinis
1613 4996 1648 5052 od
1662 5013 1781 5063 curnem,
1797 4989 1873 5050 curtat
1886 4983 1912 5039 ll
1924 4989 1961 5035 W·

368 5071 425 5123 ttun
438 5064 485 5122 ἅθ’
498 5075 524 5124 ‘l
538 5069 621 5124 '‘llil'‘
633 5086 644 5138 ἱ
658 5081 683 5128 et
704 5085 813 5132 uocatur
826 5082 931 5140 auctior
945 5086 993 5142 ⁸et
1008 5089 1166 5160 nutritorio,
1221 5103 1300 5145 rant:
1323 5099 1348 5147 at
1370 5090 1466 5147 iterum
1487 5086 1620 5145 resultent
1634 5105 1680 5163 per
1691 5090 1780 5147 eadem
1795 5085 1844 5144 redi
1856 5099 1870 5137 a
1880 5083 1959 5135 urratt

1016 5244 1146 5307 VthhE
1161 5249 1365 5311 merlonus
1482 5239 1491 5247 ”

403 5350 451 5408 Ἀ
467 5353 657 5412 insinuaretur.
696 5357 859 5419 'Gramato
872 5374 924 5423 cst.
976 5368 1237 5432 ‘hintellectibt'liu
1292 5374 1382 5431 ‘uitae
1398 5389 1455 5431 om.
1469 5372 1501 5429 C.
1553 5373 1666 5429 'bam
1715 5356 1956 5435 ‘Siccium'

367 5417 950 5552 'GNpseur,8erahiuue;ANannenus.
992 5440 1123 5510 ⁸sicii:
1143 5445 1167 5501 d
1186 5445 1282 5501 aetina.
1328 5444 1407 5501 'Pro
1425 5441 1592 5529 ejusCuou.
1643 5440 1823 5500 ”euorua
1866 5432 1957 5482 ”tim

366 5494 470 5622 m&
500 5496 827 5626 armofflffitmmu·
877 5506 1056 5570 ltcutrr'mg,
1109 5514 1166 5573 ”C
1184 5517 1304 5588 {mmm
1362 5517 1384 5549 tt
1402 5528 1586 5588 'mmmm'
1645 5513 1820 5586 prowm·
1869 5500 1954 5556 tipum

403 5748 503 5827 lituos
515 5751 661 5846 Gregorius
674 5757 983 5837 suimetipsorum
996 5667 1295 5842 nestanullrfflnm
1306 5763 1381 5824 lacit.
1489 5791 1529 5818 «ι.
1557 5801 1573 5820 ..
1590 5793 1609 5819 ι.
1633 5802 1646 5814 ··
1661 5795 1677 5866 ιΡ
1693 5785 1713 5817 a
