4167 6625
313 301 377 342 xxvi
1022 278 1235 339 PBDOEDIUD.

310 419 344 483 S.
369 425 486 481 toanne
511 416 604 484 Scato
628 421 765 495 marture
789 414 866 478 haec
890 413 1058 495 subjunxit
1081 434 1089 474 ι
1109 414 1246 476 loannes
1269 413 1398 479 Scotus.
1423 403 1589 479 monachus
1613 397 1880 478 hiolbesberiensis
1907 414 1949 476 iss

311 545 439 626 hnplia,
456 545 508 608 air
529 545 639 606 dactus
661 550 688 605 el
707 543 873 623 relipiosae
895 545 1154 620 canamsationis,
1179 545 1271 623 cujus
1294 547 1387 609 etiam
1410 547 1444 610 in
1470 546 1603 610 secundo
1629 545 1785 608 columine
1808 545 1949 626 [ecimus

312 668 506 746 mentionem,
523 668 610 751 apud
625 669 775 733 Caralum
790 668 920 732 Caluum
932 669 1158 751 Imperatorem
1180 690 1291 752 mapna
1313 675 1346 735 in
1360 676 1463 756 pretio
1476 676 1552 757 [uit.
1571 673 1635 750 Qui
1651 671 1773 735 tandem
1786 671 1948 750 mortaria

313 807 484 861 coronatus
503 809 635 864 amorte
650 800 800 864 transivit
819 801 861 864 ad
882 803 988 866 citam.
1016 803 1187 883 tonsurus
1214 805 1295 867 enim
1316 806 1458 887 prophiis
1483 822 1666 885 puerorum,
1696 818 1774 882 auos
1801 797 1945 874 doceban

312 926 416 989 nescia
431 945 491 1009 quo
510 929 690 1011 instipante,
704 939 778 1011 post
796 942 926 996 mertem
942 933 1051 996 multis
1074 934 1191 996 claruit
1215 935 1326 1016 sipnis.
1350 931 1426 1015 Lepi
1446 941 1548 997 autern
1573 935 1607 997 in
1620 933 1753 1016 qaudam
1769 934 1946 1015 scriptura,

310 1047 399 1137 qnod
409 1060 508 1140 suerst
534 1061 699 1142 episcopus
712 1062 1016 1144 Mphelcnburpeasis
1030 1064 1087 1127 sub
1103 1065 1271 1129 Bremensi.
1286 1064 1366 1147 Ejus
1377 1064 1480 1127 natale
1494 1033 1612 1127 colitur
1625 1059 1731 1126 bidus
1744 1055 1943 1127 Novembris.

310 1181 529 1248 Clarnitanna
540 1187 666 1252 Domini
679 1190 740 1253 880
752 1191 809 1253 sub
823 1189 938 1255 Carolo
952 1192 1060 1269 Caloo,
1076 1202 1103 1256 et
1117 1196 1203 1258 cinit
1217 1195 1318 1258 adhuc
1333 1195 1441 1257 multis
1455 1195 1546 1257 annis
1558 1201 1631 1275 past
1646 1212 1724 1257 eum.
1740 1192 1808 1255 Alii
1821 1191 1948 1267 colunt,

312 1314 400 1394 quod
414 1315 564 1378 claruerit
585 1316 642 1378 sub
659 1318 795 1381 ilenrico
814 1327 927 1400 quarto
945 1341 1027 1385 anno
1050 1322 1178 1386 Domini
1193 1324 1281 1388 raba.
1305 1323 1365 1387 Sed
1383 1324 1478 1405 prior
1494 1325 1603 1404 opinio
1619 1323 1697 1385 mihi
1713 1321 1838 1385 ridetur
1854 1321 1951 1417 chro-

312 1444 395 1506 nicis
418 1452 621 1508 consentanea
639 1455 667 1509 et
689 1447 759 1512 ideo
782 1450 899 1515 aerior.
917 1451 989 1517 Nisi
1004 1454 1088 1534 sorte
1106 1452 1168 1517 duo
1183 1454 1332 1535 fuissent.
1349 1472 1412 1516 uuo
1431 1452 1582 1532 martyrii
1601 1470 1710 1531 penere
1727 1450 1859 1513 diensis
1872 1457 1951 1510 tem·

313 1573 449 1652 paribus
467 1574 655 1658 interempti.
992 1561 996 1568 ’
1205 1575 1208 1580 “

357 1728 499 1789 loannes
510 1726 625 1791 Baleus
640 1727 768 1807 (ascisce
779 1729 879 1813 1560),
891 1732 947 1817 qui
957 1734 1077 1814 parites
1088 1734 1171 1798 duos
1188 1735 1330 1801 loannes
1341 1736 1452 1799 Scalas
1464 1728 1629 1801 discernit,
1641 1728 1675 1790 in
1692 1728 1786 1803 libro,
1802 1727 1854 1791 cui
1870 1727 1953 1790 titu-

321 1847 394 1911 lus:
409 1846 588 1909 lllustrium
600 1847 731 1930 majoris
743 1849 928 1946 Britanniae
938 1854 1131 1932 scriptorum
1147 1856 1349 1918 summarium
1364 1854 1452 1927 retu,
1467 1852 1524 1917 iol.
1538 1847 1577 1912 b'l
1595 1848 1674 1914 haec
1689 1849 1800 1913 tradit:
1813 1850 1953 1911 loannes

318 1968 516 2044 hlailrosius,
539 1968 758 2049 copnomineet
775 1971 902 2032 natione
913 1970 1040 2048 Scalas,
1056 1971 1186 2035 Alcuini
1199 1973 1329 2053 callepa,
1343 1980 1372 2035 ct
1394 1971 1579 2035 omerabilis
1594 1973 1695 2036 Bedae
1708 1992 1778 2036 eum
1801 1994 1834 2037 ea
1851 1992 1954 2055 quase⁶

320 2095 390 2154 dam
407 2090 596 2173 discipulus.
617 2099 710 2172 atque
723 2089 796 2150 dum
811 2087 1030 2169 Cantabripiae
1047 2089 1144 2151 bonas
1163 2088 1271 2150 literas
1294 2088 1511 2169 profiteretur,
1524 2089 1669 2170 {repuens
1684 2091 1815 2154 auditor
1827 2092 1951 2155 extitit.

315 2210 350 2271 ls
367 2228 436 2272 cum
451 2217 525 2273 esset
541 2217 705 2290 utriusque
721 2205 859 2285 linquae,
875 2204 991 2269 latinae
1007 2213 1033 2267 et
1063 2224 1202 2286 praseae,
1218 2205 1446 2286 peritissimus,
1462 2204 1547 2285 quod
1569 2205 1605 2267 de
1621 2208 1691 2288 ipso
1717 2209 1863 2272 historici
1887 2211 1953 2292 sere

319 2351 420 2396 amnes
435 2333 576 2395 unanimi
591 2327 924 2410 testimoniareserunt,
940 2327 1090 2410 adjuncta
1101 2328 1164 2390 sibi
1173 2327 1307 2390 Claudio
1318 2327 1468 2391 Clemente
1483 2327 1558 2407 pari
1573 2327 1869 2412 doctrinapraedito
1884 2350 1955 2395 cum

319 2450 546 2513 mercatoribus
562 2453 673 2531 napae
689 2449 844 2510 Oceanum
856 2463 941 2508 mare
956 2445 1093 2525 trajecit,
1115 2443 1335 2524 Parisiumque
1358 2441 1510 2523 pervenit.
1532 2442 1591 2505 llbi
1608 2465 1680 2507 eum
1694 2447 1776 2509 inter
1787 2455 1904 2510 ceteros
1918 2447 1955 2509 in

317 2568 483 2649 pubiicum
498 2569 670 2651 prodiisset
691 2568 808 2650 iorum,
830 2583 885 2629 nec
911 2565 1079 2646 quicquam
1101 2564 1213 2645 patria
1234 2569 1363 2643 praeter
1382 2561 1478 2624 bonas
1498 2560 1683 2643 disciplinas
1702 2574 1909 2648 reportasset,
1923 2586 1957 2628 se

318 2693 504 2774 sapientiam
520 2693 678 2773 profiteri,
697 2712 820 2775 eomasu
833 2694 947 2759 habers
963 2695 1101 2759 uenalem
1116 2712 1185 2758 cum
1198 2691 1285 2757 socio
1301 2687 1526 2757 conclamabat.
1539 2687 1632 2767 Quod
1646 2687 1775 2749 audiens
1788 2702 1848 2747 rese
1857 2683 1956 2746 Carc-

317 2816 367 2881 lus
379 2826 580 2904 eopnarnento
596 2818 743 2898 Mapnus,
753 2818 895 2898 prouisis
910 2819 1107 2893 necessariis,
1123 2835 1185 2880 -eos
1200 2815 1289 2879 illico
1301 2814 1448 2900 retinuit,
1464 2821 1500 2874 ut
1516 2811 1705 2892 confluentes
1719 2809 1760 2870 ad
1780 2810 1867 2889 ipsos
1891 2827 1955 2870 un·

318 2940 411 3023 dique
435 2939 590 3006 nobilium
609 2940 806 3004 Francorum
827 2939 1036 3004 adolescentes
1064 2937 1239 3002 liberaliter
1257 2931 1431 2998 erudirent.
1446 2927 1603 3012 frequens
1627 2925 1698 2990 inde
1724 2919 1956 2991 advenientium

318 3055 395 3120 illue
409 3065 576 3130 conuentus
594 3055 705 3136 effecit,
722 3061 757 3116 ut
774 3055 894 3118 Parisii
911 3056 1018 3117 nasim
1041 3052 1214 3134 percelebre
1235 3058 1309 3116 esset
1323 3050 1532 3115 auditorium.
1544 3049 1660 3112 Sanait
1680 3047 1816 3112 Carolus
1838 3064 1958 3123 prauos

319 3178 408 3233 caute
420 3170 571 3244 Alcuina,
589 3178 625 3231 ut
642 3170 785 3251 deinceps
798 3170 867 3234 illic
884 3180 959 3234 esset
972 3171 1113 3253 amerale
1131 3171 1284 3235 bonarum
1306 3172 1425 3232 artium
1440 3169 1591 3244 studium,
1606 3175 1634 3230 et
1649 3175 1684 3228 ut
1700 3163 1853 3228 Claudius
1870 3182 1905 3228 sn
1921 3181 1956 3225 ea

317 3287 571 3367 praeposituram
585 3297 713 3368 queret,
724 3288 861 3355 loannes
869 3305 942 3353 aero
955 3290 1087 3374 Papiam
1100 3288 1287 3366 concederet,
1298 3296 1335 3352 ut
1350 3295 1379 3351 et
1396 3286 1464 3351 illic
1480 3301 1601 3368 qnoque
1615 3284 1777 3365 wmnasis
1790 3283 1885 3346 initia
1898 3299 1956 3363 pa·

319 3410 417 3471 neret.
429 3403 611 3485 Composuit
632 3404 690 3466 iste
715 3402 846 3485 elepanti
861 3423 1000 3470 sermone
1021 3407 1209 3488 ropantibus
1225 3404 1391 3486 discipulis
1417 3404 1594 3467 clarissima
1608 3400 1774 3482 opuscula,
1789 3400 1957 3481 praecipue

320 3522 414 3585 haec:
438 3524 478 3583 In
502 3523 706 3602 annpelium
728 3522 881 3585 Matthaei
903 3522 957 3587 lib.
975 3526 1044 3589 111.
1059 3526 1104 3587 De
1123 3526 1238 3607 officiis
1258 3525 1401 3589 humanis
1417 3523 1472 3587 lib.
1487 3523 1516 3587 1.
1533 3523 1577 3584 De
1594 3519 1708 3604 officiis
1721 3518 1837 3583 dirime
1854 3517 1909 3581 lib.
1925 3517 1954 3579 1.
2044 3502 2045 3581 J

322 3646 368 3707 De
395 3642 550 3707 divisione
562 3642 702 3707 Naturae
716 3642 771 3705 lib.
786 3643 815 3705 l.
834 3645 877 3706 De
888 3647 1043 3724 penmonis
1053 3647 1155 3726 juata
1169 3647 1327 3711 irenicum
1341 3645 1398 3710 lib.
1413 3647 1442 3708 1.
1459 3643 1705 3708 Commentarios
1718 3642 1957 3722 scripturarum
2044 3658 2045 3715 1

323 3764 378 3827 lib.
395 3763 425 3827 1.
443 3761 603 3825 Homilias
618 3761 757 3829 eruditas
771 3761 827 3827 lib.
846 3765 877 3829 l.
897 3765 958 3829 Nec
974 3767 1097 3846 dubito,
1108 3769 1185 3851 puin
1198 3769 1251 3832 his
1268 3768 1358 3851 lonae
1373 3769 1469 3852 plura
1484 3767 1674 3832 condiderit.
1691 3765 1732 3827 ln
1747 3764 1830 3827 libra
1848 3780 1905 3825 suo
1923 3759 1958 3847 de
2044 3794 2045 3815 r

322 3884 462 3947 Naturae
487 3880 642 3944 diuisione
665 3881 822 3945 soluendis
844 3886 1078 3966 quaestionibus
1095 3896 1140 3950 est
1162 3887 1271 3965 utilis,
1289 3887 1344 3951 sed
1358 3889 1500 3971 Papistis
1512 3887 1686 3969 plurimum
1705 3887 1867 3951 Antonino
1885 3891 1958 3948 leste
2044 3956 2045 3967 ἶ

324 3994 511 4075 displicuit,
538 3996 623 4078 quod
646 3998 772 4070 Graecis
789 4000 937 4097 adversus
958 4024 1065 4069 eorum
1082 4008 1247 4087 inspncera
1267 4008 1414 4090 dopmata
1427 4012 1461 4073 in
1477 4009 1638 4091 plerisque
1666 4010 1850 4073 consentiat.
1882 4006 1959 4102 mvi

324 4114 496 4194 Aupustini
523 4118 711 4180 monasterio
742 4121 875 4185 Carolus
896 4124 977 4188 hunc
994 4126 1100 4189 Ticini
1116 4146 1169 4190 seu
1193 4127 1310 4209 Papiae
1326 4128 1479 4211 praefecit
1496 4144 1578 4190 anna
1595 4136 1722 4192 nostras
1735 4125 1956 4206 redemptionis

324 4236 396 4311 ⁷92,
423 4236 457 4299 in
470 4254 531 4318 quo
548 4243 575 4300 el
591 4254 690 4300 seneen
705 4237 818 4301 obiisse
831 4240 953 4304 tandem
965 4244 1114 4307 nonnulli
1130 4244 1273 4320 credunt,
1290 4246 1394 4309 Scotis
1408 4243 1587 4308 dansinante
1600 4246 1765 4310 Solaathio
1779 4263 1863 4327 repe.
1874 4241 1960 4306 Satis

327 4353 425 4417 claret
451 4373 491 4418 eu
509 4354 614 4431 dictis,
638 4356 806 4420 Alcuinurn
831 4366 860 4421 et
874 4362 1027 4424 loannem
1048 4365 1132 4426 inter
1153 4363 1274 4445 sinales
1291 4364 1338 4427 ita
1350 4362 1450 4445 luisse
1468 4363 1679 4427 doctissimos.
1701 4362 1826 4427 Deinde
1846 4359 1906 4423 sal.
1920 4359 1958 4420 bb

323 4471 365 4538 be
379 4481 487 4539 nostra
511 4475 635 4539 launna
650 4474 744 4541 Scato
763 4485 869 4542 narrat
882 4478 1024 4545 haecce.-
1039 4481 1177 4541 loannes
1191 4480 1363 4555 Patricius,
1382 4479 1464 4543 alias
1478 4480 1628 4560 Erisane,
1643 4483 1817 4544 Britannus
1833 4477 1959 4540 natione

323 4615 377 4660 seu
395 4598 530 4661 Guallus
545 4598 708 4679 Analicus,
733 4597 778 4659 in·
794 4597 938 4660 Menenia
959 4597 1154 4659 Dernetarum
1179 4598 1266 4676 urbe,
1290 4600 1355 4662 siae
1377 4597 1420 4660 ad
1435 4605 1577 4661 sanctum
1593 4594 1754 4665 Doridem,
1767 4608 1806 4652 ea
1819 4587 1957 4666 patricia

325 4722 466 4804 penitere
488 4730 594 4797 natus,
616 4740 635 4781 a
648 4719 809 4800 plerisque
822 4718 1033 4798 scriptoribus
1046 4717 1265 4800 philosophus,
1276 4719 1313 4782 ab
1330 4719 1406 4784 aliis
1420 4734 1504 4791 aera,
1522 4716 1574 4780 sed
1587 4735 1762 4799 perperam,
1777 4714 1890 4777 Scatus
1905 4732 1958 4775 eo-

327 4848 541 4930 pnominatur.
557 4847 638 4908 Dum
653 4845 771 4927 duplas
787 4846 865 4909 Daci
885 4850 1008 4930 rapinis
1029 4858 1057 4912 ct
1081 4848 1169 4913 bellis
1184 4850 1378 4931 infestarent,
1399 4863 1436 4907 ac
1452 4844 1557 4907 amnia
1572 4841 1641 4905 illic
1659 4837 1849 4903 tumultibus
1865 4844 1958 4899 essent

328 4968 433 5052 plena,
444 4967 568 5050 lonpam
593 4966 876 5049 percarinatioaem
897 4969 1032 5032 Athenas
1050 4989 1146 5052 uepres
1159 4968 1343 5049 suscipiens,
1365 4983 1456 5047 quam
1474 4963 1584 5044 plures
1600 4976 1699 5023 annos
1710 4957 1813 5020 literis
1828 4954 1961 5035 praecia

330 5089 500 5155 chaldaicis
516 5097 543 5153 et
556 5088 692 5152 arabicis
709 5089 881 5153 insudarit.
897 5090 1008 5153 Omnia
1022 5092 1103 5152 enim
1120 5088 1261 5153 uisitauit
1283 5085 1546 5167 pbilosophorum
1562 5082 1632 5144 loca
1658 5087 1686 5143 et
1703 5077 1822 5151 studia,
1851 5076 1914 5137 isna
1935 5080 1961 5134 el

329 5213 433 5293 ipsum
446 5210 609 5273 oraculum
621 5208 710 5282 solis,
721 5207 806 5290 quod
824 5208 1029 5289 Aesculapius
1045 5209 1107 5272 sibi
1117 5214 1349 5273 construxerat.
1362 5206 1401 5268 ln
1414 5223 1475 5286 quo
1489 5203 1753 5267 abstinentissimo
1771 5197 1962 5264 cuidambu·

331 5330 482 5396 millimus
495 5330 636 5406 servivit,
652 5337 687 5391 ut
709 5325 765 5389 sub
788 5344 821 5388 eo
839 5327 938 5391 amnis
948 5325 1169 5408 philosophiae
1181 5326 1381 5405 inaestiaaret
1397 5326 1524 5386 secreta.
1542 5323 1705 5385 laaenrens
1722 5318 1857 5395 tandem,
1876 5313 1958 5400 quad
1991 5327 2000 5341 ’

333 5460 395 5514 tom
417 5451 598 5527 lanaissimo
624 5448 730 5512 labore
754 5447 962 5530 quaesiverat,
987 5448 1021 5510 in
1046 5446 1175 5510 Italiam
1190 5456 1218 5509 et
1238 5445 1376 5509 Galliam
1392 5450 1436 5505 cst
1451 5459 1603 5505 reuersus.
1622 5439 1679 5502 ilbi
1695 5437 1733 5501 ab
1751 5432 1961 5501 incredibilem

333 5580 539 5644 eruditionem
575 5578 690 5644 Carolo
716 5572 823 5645 Calvo,
851 5577 879 5633 et
901 5577 976 5651 post
999 5588 1066 5633 cum
1089 5568 1250 5631 ludovico
1274 5564 1374 5627 Dolba
1401 5570 1564 5643 acceptus,
1589 5557 1737 5638 Dionysii
1756 5553 1961 5636 Areopaqitas

331 5698 428 5766 libros
454 5701 490 5763 de
517 5701 640 5766 caelesti
661 5674 885 5773 ierarchiam
898 5692 1175 5773 Constantinopoli
1194 5700 1268 5755 tuac
1290 5691 1412 5775 missos,
1430 5688 1545 5751 latinos
1558 5687 1631 5765 lecit
1652 5703 1733 5747 anna
1750 5682 1874 5745 Domine
1892 5680 1958 5743 858.

2043 2093 2045 2238 l
