4167 6625
385 402 436 461 8¹37

1076 394 1216 458 tosuuts
1236 401 1333 460 scuit
1934 404 1972 461 dli

384 510 599 569 substantialiter
614 511 640 565 in
656 510 701 565 illo
716 518 822 573 creata,
848 523 900 563 nou
923 508 1008 563 solum
1025 512 1095 578 quod
1113 525 1174 565 otu·
1189 517 1212 574 Α
1227 512 1343 566 lnamaua
1357 519 1452 568 natura
1476 510 1523 566 ¹si
1548 526 1601 566 non
1629 521 1760 581 peccaret,
1786 514 1888 568 omuino
1909 515 1973 572 libera

385 603 459 656 atium
474 601 567 655 notitia
584 601 669 654 inerat
681 600 716 662 ei,
730 614 821 652 rerum
834 598 925 662 ctiam,
938 599 999 666 quia
1012 599 1172 654 universitas

383 690 498 745 risibilis
519 699 546 744 et
566 688 706 743 inuisibilis
724 697 866 742 creaturae
885 688 910 741 iu
932 702 965 741 co
988 689 1094 743 condita
1115 690 1175 744 est?

384 783 454 838 llic.
468 780 625 836 Confectum
640 779 727 850 plane.
745 780 816 833 bisc.
831 779 899 845 Quid
917 795 982 849 ergo
1002 781 1115 845 ntirum,
1130 780 1173 835 rel

384 881 434 928 eur
448 872 605 927 incredibile
627 872 675 932 sit,
692 871 713 923 si
735 871 852 925 bumana
868 886 996 940 corpora,
1017 873 1173 942 priusquam

383 969 527 1033 peccarent
552 960 578 1014 iu
606 960 742 1028 paradiso,
773 959 899 1013 animalia
929 958 1010 1014 luisse
1036 961 1172 1025 dicantur,

384 1053 489 1123 quaein
505 1067 602 1121 genere
617 1051 772 1105 anirualium
787 1052 930 1106 constituta
943 1052 1023 1107 suuti
1036 1052 1056 1106 tt
1070 1053 1173 1108 duobus

383 1143 480 1212 quippe
494 1158 575 1196 uniam
589 1142 687 1211 eligere
698 1141 770 1211 cogit
782 1156 830 1195 nos
843 1142 912 1195 ratio
925 1159 931 1195 :
947 1152 992 1194 ant
1006 1142 1077 1196 enim
1090 1158 1171 1211 nega·

383 1232 470 1286 lrirnus
484 1233 592 1286 omuino
608 1233 634 1285 iu
652 1246 750 1300 genere
767 1231 921 1285 anirualium
937 1231 1072 1285 eonditum
1089 1230 1174 1285 lrornl·

383 1322 485 1385 nent,si
499 1322 622 1375 uolumus
635 1335 742 1391 negare,
758 1320 783 1373 in
795 1335 828 1375 co
840 1320 956 1374 animale
967 1336 1065 1390 corpus
1075 1318 1172 1385 luissc;

383 1422 439 1476 aut,
455 1413 476 1465 si
494 1428 545 1464 nnn
558 1426 700 1481 possumus
714 1411 877 1465 contendere
889 1420 916 1462 et
929 1411 1072 1480 abnegare,
1085 1408 1171 1478 ipsum

382 1503 490 1572 quidem
502 1503 634 1571 quoddam
648 1501 748 1554 anirual
768 1501 795 1554 iu
813 1514 912 1569 genere
930 1496 1086 1554 animalium
1111 1500 1118 1530 ¹
1135 1500 1175 1552 la·

382 1606 468 1660 ctum,
482 1595 616 1664 quomodo
629 1593 800 1665 negabimus,
815 1591 929 1646 arrirnale
941 1607 1039 1660 eorpus
1051 1590 1173 1645 babuisse

383 1694 446 1739 aute
470 1692 620 1751 perentam,
644 1692 681 1746 et,
704 1683 726 1736 si
747 1698 798 1735 nou
818 1692 958 1752 peccaret,
974 1681 1093 1751 patuisse
1114 1678 1172 1734 llcri

384 1773 509 1827 treatuut?
524 1773 591 1828 ilua.
609 1773 692 1826 derue
706 1772 814 1840 quddam
829 1771 1037 1840 philosopharis
1057 1768 1172 1823 Putasne

1224 610 1355 665 maneret,
1370 601 1595 670 quemadmodum
1608 600 1791 655 liberabitura
1808 613 1856 657 est.
1877 600 1924 659 lloc
1940 622 1977 660 au·

1225 700 1276 743 tem
1294 690 1355 744 dieo
1380 689 1539 760 Gregorium
1561 691 1709 761 Nyssacona
1733 698 1975 762 sequenseapasito

1223 794 1333 850 remque
1349 781 1433 850 ipsius
1454 780 1609 845 llaxiuurm,
1633 797 1685 836 non
1700 791 1789 837 antem
1814 784 1876 837 alins
1894 797 1976 842 sanctos

1223 869 1319 924 Patres
1333 869 1479 938 spiritualis
1493 870 1642 934 doctrinae,
1657 869 1773 939 qualiter
1797 871 1911 925 ridentur
1929 889 1976 928 sen·

1223 959 1301 1023 sisse,
1316 958 1450 1019 refellens,
1465 959 1634 1014 haecomnia
1648 962 1680 1013 ad
1696 961 1810 1030 primam
1832 971 1857 1015 et
1878 964 1976 1018 substan·

1224 1048 1313 1103 tialem
1327 1049 1443 1104 lrnminis
1456 1049 1620 1104 creationem
1635 1052 1772 1119 pertinere
1783 1053 1976 1108 murmuraturi]

1224 1138 1246 1193 si
1261 1149 1286 1193 tc
1297 1146 1394 1202 ritaret,
1403 1154 1487 1208 quare
1499 1139 1568 1193 bens
1580 1139 1605 1193 in
1619 1138 1726 1193 lromlnc
1738 1138 1842 1204 iecerit,
1853 1142 1976 1211 priusqam

1223 1235 1358 1295 peccaret,
1367 1242 1436 1295 quae
1446 1239 1555 1297 propter
1567 1238 1705 1297 peceatum
1718 1229 1790 1283 lacta
1804 1240 1874 1295 sunt,
1885 1231 1978 1286 animad

1223 1327 1308 1383 uerte,
1322 1321 1393 1390 quod
1410 1320 1463 1373 ben
1481 1319 1548 1374 nibil
1563 1330 1605 1374 cst
1620 1328 1693 1383 aute,
1709 1321 1777 1375 uiltil
1791 1330 1860 1391 post,
1879 1323 1915 1377 eui
1929 1320 1978 1379 ailril

1223 1412 1410 1479 praeteritum,
1426 1411 1492 1465 nibil
1506 1412 1636 1477 laturum,
1646 1413 1712 1469 nibil
1726 1416 1844 1470 medium
1858 1415 1979 1487 interprae

1225 1500 1333 1553 teritum
1347 1510 1375 1554 et
1388 1499 1516 1565 lttturttut,
1532 1503 1659 1571 quoniam
1674 1504 1724 1574 ipsi
1739 1506 1829 1558 orrtnita
1847 1506 1917 1559 simul
1926 1520 1979 1560 aaut.

1223 1587 1353 1660 Curcrgo
1372 1606 1423 1643 aron
1447 1591 1525 1645 siuurl
1542 1591 1652 1658 diceret,
1675 1609 1745 1662 (pirae
1765 1594 1883 1649 iacienda
1902 1597 1980 1651 sirrad¹

1224 1676 1331 1731 ridebat
1344 1686 1371 1732 ct
1382 1678 1507 1733 uolebat?
1531 1679 1597 1735 llam
1612 1697 1672 1736 curn
1686 1682 1804 1738 dicimus
1826 1693 1884 1738 ante
1897 1694 1921 1739 et
1936 1694 1979 1754 post

1224 1777 1374 1837 peccatum,
1401 1769 1592 1839 cogitatlnnunt
1623 1781 1780 1826 nostrarum
1807 1772 1980 1829 mutabilitates

384 1865 484 1933 itaque,
500 1863 582 1918 Dcttru
603 1861 912 1916 sinurloruuialecisse?
932 1861 1004 1914 bisc.
1020 1849 1422 1924 tmocreddllmonsuanas,
1453 1860 1516 1914 dum
1544 1861 1632 1916 adltuc
1659 1861 1828 1931 temporibus
1845 1863 1977 1919 subdimur:

383 1962 410 2006 ct
430 1953 560 2024 intelligo.
574 1953 670 2008 Ouruia
688 1953 831 2021 siquidem,
845 1967 915 2021 quae
927 1961 1076 2020 tcrupnrnm
1090 1952 1172 2006 inter·

337 2060 343 2067 ·
384 2043 459 2097 uallis
480 2045 507 2096 iu
531 2042 630 2096 muudo
652 2050 810 2101 irascuntur,
826 2041 905 2096 siruul
920 2048 946 2096 et
966 2040 1047 2094 semel
1064 2049 1092 2095 ct
1110 2050 1172 2095 ante

384 2131 512 2185 arandum
535 2139 564 2185 ct
587 2145 648 2184 cum
671 2130 770 2183 arundo
795 2128 863 2182 lacta
882 2141 956 2193 sunt,
974 2130 1096 2199 quanuis
1118 2143 1171 2183 non

381 2219 460 2275 siutul
475 2220 661 2289 per'diriuac
685 2220 870 2289 prouidentiae
887 2219 1170 2276 arlrniuistrationem⁸

381 2310 511 2363 murrrlum
529 2309 693 2363 sensibiliter
706 2309 885 2378 adinipleant,
899 2311 946 2363 sed
960 2310 1054 2364 outline
1070 2321 1172 2379 tempo·

384 2413 459 2460 aaran,
474 2395 588 2450 Domino
601 2397 726 2450 dicente:
742 2394 822 2448 Pater
841 2413 912 2450 tracas
932 2413 1011 2465 reque
1023 2397 1098 2450 nando
1110 2413 1170 2467 ope·

383 2498 467 2550 ratur,
486 2496 509 2539 ct
527 2503 573 2556 eqo
587 2502 692 2555 ‘operata
708 2485 777 2540 llas.
803 2486 885 2542 llectc
901 2488 1021 2542 intueris.
1039 2488 1106 2542 Nutu
1124 2488 1170 2542 tibi

381 2577 502 2641 videtur,
521 2576 592 2646 quod
611 2586 751 2646 propterea
775 2575 845 2630 Deus
865 2578 1000 2632 lrnminem
1023 2576 1050 2631 iu
1073 2592 1171 2647 genere

382 2666 538 2721 animalium
562 2664 665 2729 lecerit,
689 2666 750 2734 quia
771 2665 843 2720 illum
864 2666 1015 2722 animaliter
1038 2666 1170 2721 ricturnut

381 2758 546 2828 praescivit,
562 2757 642 2826 iruqrre
659 2756 860 2811 irrationabiles
878 2758 889 2788 ¹
912 2766 1000 2813 motus
1013 2773 1107 2814 curum
1129 2773 1171 2812 re·

381 2848 446 2904 licta
455 2848 698 2919 diuinaeimaginis
708 2847 1081 2920 pulchritudincacdignitate
1093 2863 1170 2902 casu·

382 2939 460 2993 attur?
483 2940 556 2995 urso.
579 2940 729 2996 ter-isiadtc
746 2943 862 2997 ridetur.
883 2942 958 2997 Ferit
974 2943 1047 2998 enim
1068 2941 1169 3009 lutura,

381 3029 427 3097 qui
442 3028 506 3083 iecit
518 3031 607 3085 omnia
630 3030 719 3085 sirraul.
735 3030 805 3089 blan.
824 3033 955 3102 Quoniam
978 3033 1060 3101 igitur
1074 3032 1106 3086 dc
1122 3048 1169 3087 sua

1221 1945 1277 2000 Deo
1288 1956 1377 2002 autem
1389 1949 1469 2003 simul
1484 1958 1559 2004 cratrt
1577 1957 1605 2004 ct
1620 1951 1722 2021 peccati
1740 1952 1910 2022 praescientia
1930 1954 1981 2022 eius·

1221 2048 1273 2102 que
1287 2038 1490 2104 consequentia.
1514 2037 1623 2093 llnmiui
1633 2039 1779 2108 siquidem,
1798 2056 1849 2095 non
1861 2041 1917 2108 beo,
1929 2042 1981 2099 lluu·

1222 2138 1280 2178 rum
1298 2134 1357 2180 crat
1375 2134 1526 2196 peccatura,
1543 2138 1570 2183 et
1593 2132 1786 2198 consequentia
1810 2133 1905 2201 peccati
1923 2147 1982 2201 prae·

1221 2212 1301 2267 cessit
1315 2224 1453 2283 peecatum
1468 2216 1494 2269 iu
1511 2216 1629 2281 bomine,
1638 2218 1767 2287 quoniam
1780 2229 1809 2274 et
1820 2219 1900 2289 ipsum
1910 2237 1980 2290 pecu-

1223 2309 1277 2357 tum
1295 2307 1441 2373 praecessit
1454 2305 1476 2337 ¹¹
1493 2307 1610 2377 seipsum
1627 2309 1654 2362 iu
1668 2310 1763 2363 eodem
1776 2311 1880 2366 linrniuc
1891 2313 1919 2366 ¹¹.
1931 2313 1981 2367 llala

1220 2394 1317 2464 quippe
1331 2396 1463 2462 rnluutas,
1476 2399 1546 2467 quod
1557 2407 1601 2454 cst
1610 2409 1753 2468 peceatum
1774 2403 1913 2468 occultata,
1924 2421 1981 2475 prae-

1221 2485 1302 2538 cessit
1317 2485 1392 2539 retiti
1406 2484 1508 2541 tructus
1517 2497 1634 2557 garsturu,
1644 2492 1714 2559 quod
1727 2500 1770 2546 cst
1783 2503 1980 2565 peccatumque·

1221 2578 1287 2625 tum.
1301 2572 1400 2626 Eadem
1413 2577 1515 2629 ratione
1535 2586 1622 2645 potest
1643 2577 1768 2649 intelligi,
1790 2582 1860 2650 qnod
1876 2583 1980 2653 scriptam

1219 2673 1283 2716 cst:
1304 2662 1387 2717 tarot
1406 2663 1682 2729 irrectitudinum
1701 2670 1763 2723 odio
1781 2671 1869 2726 liubai.
1884 2670 1981 2728 Nondum

1219 2750 1291 2805 euim
1308 2752 1446 2821 utriusque
1457 2753 1533 2807 malis
1542 2754 1582 2808 rel
1597 2756 1619 2787 ¹¹
1633 2755 1710 2810 bouis
1721 2759 1829 2813 actibus
1838 2762 1980 2830 perpetratis,

1220 2838 1247 2892 in
1261 2837 1355 2893 ordine
1370 2848 1519 2909 temporum
1532 2856 1626 2896 eorum
1642 2848 1839 2914 consequentia
1854 2848 1917 2901 tacta
1934 2858 1981 2901 amu

1220 2929 1247 2983 in
1260 2944 1304 2995 eo,
1319 2931 1345 2985 iu
1361 2944 1415 2999 quo
1431 2932 1592 2987 universitas
1609 2934 1688 2989 simul
1701 2944 1728 2990 et
1738 2952 1823 2990 unum
1837 2944 1877 2992 est
1890 2955 1896 2990 ι
1909 2950 1982 2991 consr-

1219 3023 1328 3091 queutia
1341 3031 1429 3076 autem
1444 3022 1503 3077 dico
1513 3023 1681 3079 dilectionem
1697 3027 1840 3081 etodium.
1855 3028 1905 3083 llnc
1918 3028 1980 3081 euru

380 3120 570 3189 praescientia,
586 3137 655 3191 quae
670 3120 725 3175 salli
740 3139 791 3177 unu
806 3132 906 3195 potest,
919 3124 1168 3187 certissimuserat,
1220 3112 1277 3181 ¹9⁵0
1295 3113 1423 3182 ¹¹¹8¹⁵¹¹¹
1445 3113 1611 3182 ¹¹¹¹ll¹¹⁵¹¹¹¹¹¹⁸
1637 3114 1731 3168 ⁰¹0¹&
1758 3115 1788 3170 ¹¹¹
1814 3116 1918 3184 l¹¹¹¹¹s¹li
1935 3114 1980 3170 ΗΜ

380 3206 479 3269 etiam,
501 3206 658 3277 priusquam
687 3210 767 3265 lrurnu
795 3221 933 3280 peccaret,
952 3212 1055 3281 peccati
1073 3226 1167 3266 corisc-
1182 3185 1205 3248 C
1221 3202 1301 3257 tertio
1316 3202 1421 3255 decimo
1437 3200 1554 3272 capitulo
1566 3202 1599 3257 de
1613 3202 1708 3272 priruis
1726 3203 1880 3260 bonaiuibus
1891 3205 1979 3258 otuu:
2032 3198 2033 3217 ¹

380 3294 489 3364 quentia
504 3295 531 3350 in
544 3296 652 3352 bomine
671 3306 698 3352 et
713 3315 772 3353 cnm
792 3299 899 3355 bomine
913 3300 991 3356 siuaul
1005 3300 1168 3365 concreavit,

381 3394 411 3438 ιιι
424 3398 474 3439 nec
497 3384 631 3441 immerito
650 3387 815 3451 aestimetur,
836 3402 945 3450 corrant,
964 3405 1033 3458 quae
1047 3388 1128 3443 simul
1142 3390 1169 3443 iu

382 3475 492 3529 lrouriuc
505 3473 655 3540 factasunt,
669 3476 800 3542 quaedam
813 3476 920 3546 quidem
931 3490 1041 3548 propter
1052 3479 1169 3532 diuinam

381 3565 543 3632 bonitatem,
553 3576 583 3621 ut
593 3575 655 3621 stant
666 3567 721 3631 illa,
734 3567 760 3621 in
773 3567 870 3636 quibus
884 3568 972 3637 imago
992 3567 1140 3623 conditoris
1159 3569 1170 3600 ⁸

383 3656 552 3728 intelligitur,
570 3656 678 3711 atairuus
691 3656 815 3711 uidelicet
830 3666 857 3710 ct
876 3658 945 3711 ratio
968 3672 1115 3726 acrrsusqne
1130 3658 1170 3711 in·

381 3746 476 3810 terior,
490 3746 540 3810 rel,
557 3754 587 3800 ut
603 3747 641 3800 ita
654 3746 752 3811 dicam,
765 3744 984 3810 essentialium
998 3756 1025 3800 ct
1039 3747 1168 3817 operatio,

381 3835 513 3904 quaedam
539 3851 604 3891 rero
627 3845 738 3906 propter
758 3833 884 3889 delictum
906 3836 1066 3905 praescitum
1089 3844 1170 3905 atque

381 3925 533 3979 certissime
548 3924 678 3980 totamm.
697 3924 778 3979 llulta
792 3924 864 3980 enirn
884 3925 1167 3996 praesumensque·

382 4033 442 4071 rum
467 4026 580 4072 nonest
602 4032 682 4071 causa
702 4018 770 4087 ipse,
794 4017 856 4086 quia
881 4016 1093 4072 substantialiter
1116 4032 1169 4072 nou

381 4115 455 4160 sacru.
484 4107 532 4161 Est
556 4116 644 4160 antem
668 4108 776 4174 sapiens
796 4106 881 4161 lactor
905 4115 933 4161 et
958 4107 1108 4172 ordinator,
1136 4122 1170 4161 uc

382 4194 566 4250 universitatis
587 4194 810 4264 ptrlclrritudinem
836 4195 1014 4264 perturbent,
1044 4204 1071 4249 et
1098 4196 1170 4249 solus

382 4294 479 4356 potens
499 4293 540 4339 est
558 4286 591 4339 de
614 4284 683 4338 malo
705 4283 895 4339 irrationabilis
916 4283 1061 4338 uoluntatis
1081 4285 1170 4340 lacere

382 4377 491 4430 bouum.
523 4373 594 4430 llaec
622 4383 711 4428 autem
746 4382 809 4428 stant
843 4375 1033 4442 consequentia
1068 4374 1169 4443 peceati

383 4474 493 4535 praepter
524 4473 684 4535 peceatmu,
715 4464 871 4534 priusquam
901 4463 977 4518 tieret
1010 4473 1168 4532 peccatum,

383 4560 418 4609 ab
439 4571 471 4610 eo
491 4557 511 4618 ¹,
536 4558 612 4624 crtjus
633 4554 809 4623 praescientia
836 4568 888 4608 uon
923 4552 1043 4618 lallitur,
1071 4554 1097 4607 in
1123 4553 1169 4606 lto·

386 4647 457 4699 ardrie
467 4654 494 4698 ct
508 4661 570 4698 cum
584 4646 692 4699 lrominc
706 4644 787 4696 veluti
800 4652 877 4698 extra
890 4643 1025 4696 bominem
1037 4657 1069 4696 ac
1079 4656 1170 4710 super·

385 4733 475 4784 aialdita
490 4749 496 4783 :
512 4732 627 4784 auinrale.
639 4732 746 4800 quidem
770 4746 868 4799 corpus
886 4742 966 4801 atque
989 4740 1124 4785 terrenum
1143 4739 1170 4784 et

385 4823 568 4889 corruptibile,
583 4838 662 4875 sextas
674 4832 785 4892 uterque
804 4840 838 4877 ex
867 4827 985 4879 urasculo
1013 4833 1040 4878 rt
1061 4825 1168 4888 semina,

385 4910 531 4965 bestiarum
556 4911 729 4966 similitudine
756 4916 951 4982 pt·ocreatiottis
973 4916 1167 4985 multiplicatio,

386 4997 531 5068 indigentia
545 4999 597 5052 eibi
610 5008 637 5052 ct
649 5007 727 5067 potus
747 5002 949 5071 indumentique
963 5006 985 5066 ¹,
1002 5006 1168 5060 incrementa

386 5099 412 5146 ct
423 5092 593 5142 decrcarteuta
605 5089 733 5154 corporis.
747 5091 832 5144 soruui
848 5106 879 5143 ac
895 5091 1045 5159 uigiliarum
1066 5095 1169 5149 alterna

386 5178 603 5249 inevitabilisque
613 5180 771 5244 necessitas,
782 5188 810 5233 ct
822 5179 929 5244 similia,
938 5181 1035 5250 quibus
1045 5182 1171 5237 omnibus

1220 3289 1254 3345 ln
1271 3288 1373 3344 occrrlto
1383 3298 1470 3343 autem
1481 3288 1546 3344 ruali
1557 3306 1611 3344 case
1626 3300 1777 3361 coeperunt,
1792 3302 1821 3346 ut
1844 3292 1871 3346 iu
1890 3301 1980 3362 rprrtrn

1220 3379 1420 3434 inobedientium
1433 3378 1590 3433 iuberentur.
1610 3378 1670 3434 ll'on
1684 3382 1751 3434 eninr
1770 3385 1806 3435 ml
1827 3381 1916 3436 malunt
1932 3397 1979 3451 epra
2032 3389 2033 3396 ’

1219 3472 1404 3541 perterriretur,
1418 3471 1468 3523 uisi
1488 3473 1668 3540 praecessisset
1690 3472 1814 3529 nolrttdar
1827 3474 1902 3528 mala.
1917 3472 1979 3527 Parra

1220 3561 1305 3615 mulne
1317 3564 1458 3616 uoluntatis
1471 3563 1574 3616 initiant
1583 3565 1646 3634 quid
1653 3566 1736 3634 patuit
1744 3582 1802 3620 esse
1812 3567 1861 3620 nisi
1870 3563 1980 3636 snperbia?

1220 3652 1330 3706 Initium
1344 3655 1412 3707 euim
1428 3655 1511 3708 omnia
1522 3656 1621 3724 peccati
1630 3657 1751 3726 superbio
1767 3668 1817 3711 ert.
1836 3658 1872 3713 dc
1887 3672 1929 3728 per
1943 3657 1979 3708 lue

1220 3743 1299 3798 datur
1313 3743 1434 3815 intelligi,
1448 3744 1583 3799 bominem
1597 3756 1709 3814 peccatu
1720 3762 1858 3817 nunquam
1870 3744 1978 3802 caruisse:

1220 3834 1288 3890 sicut
1307 3850 1445 3904 utinquam
1472 3835 1630 3904 intelligitur
1652 3835 1753 3906 absque
1777 3836 1893 3892 mutabili
1909 3833 1979 3888 rolan-

1221 3936 1276 3982 tate
1289 3926 1453 3981 autistitisse.
1470 3924 1536 3979 Nam
1549 3934 1575 3979 ct
1591 3925 1647 3994 ipsa
1660 3926 1856 3981 irrationabilis
1871 3921 1980 3980 mutabili·

1222 4026 1262 4072 tas
1274 4015 1375 4071 liberae
1387 4003 1542 4080 uoluntatis,
1558 4016 1620 4086 quia
1641 4029 1722 4070 causa
1742 4017 1806 4071 mali
1827 4025 1875 4080 est,
1890 4012 1978 4074 nonani·

1219 4107 1275 4162 lum
1300 4106 1399 4161 malum
1412 4121 1471 4161 csse
1487 4120 1596 4162 neccsse
1607 4116 1657 4160 est.
1669 4106 1784 4161 Causam
1800 4107 1921 4176 siqrridem
1933 4101 1978 4156 nali

1221 4198 1318 4252 malam
1333 4213 1385 4252 non
1399 4211 1467 4261 esse,
1479 4198 1540 4267 quis
1552 4198 1649 4252 audeat
1662 4198 1769 4262 dicere,
1793 4196 1977 4269 qnandoquidem

1220 4288 1304 4343 libera
1321 4288 1444 4341 uoluntas
1456 4288 1488 4341 ad
1501 4287 1651 4358 eligendum
1666 4289 1765 4343 bonnm
1780 4292 1841 4344 data
1856 4290 1876 4321 ¹¹
1887 4283 1977 4357 seipsam

1221 4379 1346 4433 serrttcrn
1362 4377 1469 4432 lecitad
1493 4378 1660 4447 scqucudunt
1684 4379 1802 4433 malnm?
1825 4378 1895 4447 ernd
1916 4377 1977 4431 edan

1220 4467 1385 4537 Augustinus
1409 4465 1559 4520 insinuasse
1589 4465 1696 4521 uidetur
1719 4468 1751 4523 ¹¹.
1782 4469 1840 4528 Non
1863 4465 1977 4524 enimait

1222 4557 1287 4610 uiuit
1296 4557 1375 4610 borno
1389 4556 1414 4608 in
1430 4556 1565 4624 paradiso,
1577 4555 1616 4608 rel
1629 4557 1741 4618 riserat,
1757 4560 1825 4614 uixit
1834 4560 1914 4612 latiens
1926 4554 1973 4614 au,

1221 4645 1264 4699 rel
1275 4646 1389 4710 riserat,
1400 4645 1465 4697 rixit
1477 4645 1535 4698 siue
1549 4645 1600 4699 ulla
1615 4653 1743 4715 egestate,
1760 4648 1802 4703 rel
1816 4642 1975 4703 vixeratllaut

1221 4735 1243 4789 si
1260 4734 1356 4789 talibus
1371 4734 1459 4788 uerbis
1472 4737 1609 4805 praeteriti
1630 4737 1651 4768 ¹¹
1671 4748 1802 4802 uteretur,
1817 4737 1925 4793 lurtassis
1936 4747 1974 4786 aaa

1222 4827 1367 4895 incoagrue
1378 4825 1572 4894 intelligeretur
1585 4827 1606 4857 ¹¹
1620 4827 1716 4882 docere
1732 4828 1857 4892 interisse,
1867 4824 1973 4882 bornincu

1223 4919 1248 4971 in
1266 4918 1392 4987 paradiso
1410 4915 1555 4985 perlectam
1573 4919 1766 4975 beatitudinem
1784 4922 1841 4976 sine
1861 4918 1908 4974 ullo
1926 4925 1972 4983 prt-

1221 5015 1282 5060 cato
1300 5005 1444 5075 perspatia
1466 5006 1597 5075 quaedam
1621 5007 1749 5075 ternporis
1772 5007 1898 5062 habuisse.
1917 4999 1972 5055 sut:

1224 5093 1528 5164 Virebut‚inqult,lrornu
1541 5095 1566 5145 in
1575 5095 1708 5162 paradiso,
1728 5096 1825 5149 rirebut
1840 5086 1971 5164 fuciano,

1221 5185 1316 5238 atirebat
1332 5187 1352 5218 ¹¹
1367 5186 1422 5239 sinc
1436 5183 1490 5239 alla
1514 5195 1634 5256 egestate.
1650 5186 1688 5241 Ac
1713 5188 1736 5241 si
1758 5197 1848 5260 aperte
1867 5185 1949 5238 diecret
1965 5191 1970 5226 ἰ

1020 5318 1146 5375 titulae
1165 5317 1363 5375 leuaturas.

424 5453 839 5519 ¹Stccr;coutnnat0mmem
858 5457 1120 5514 -antmrdumom
1145 5461 1178 5514 Α.
1228 5465 1301 5527 ¹per
1323 5461 1424 5515 amb.
1474 5461 1521 5515 ’A
1548 5463 1782 5518 adntintatrntione.
1830 5450 1968 5519 ¹Sicsffl
2032 5469 2033 5544 l

388 5525 563 5579 irrationales.
603 5523 737 5587 ¹SicCl',
754 5525 922 5579 detentoria.
974 5527 1139 5582 ‘cunarum
1175 5529 1400 5612 ¹t'radrrntcntt'quc
1427 5532 1528 5585 omd.
1566 5531 1848 5596 'Sicffiduatura
1872 5530 1967 5582 laruam.

388 5594 603 5648 ’amalonem
641 5594 662 5625 ¹¹
682 5593 727 5648 Sic
740 5592 798 5654 CF;
818 5596 1054 5660 Aaruertesacrant.
1112 5601 1130 5631 ¹¹
1145 5598 1191 5654 Sic
1206 5599 1263 5664 CF;
1282 5615 1407 5670 quomam
1425 5601 1766 5670 eripiunt-laomineom.
1783 5605 1813 5656 ll.
1850 5589 1967 5652 ”sicce

388 5664 484 5715 datu.
523 5665 738 5718 “dornomrb
778 5664 797 5695 ¹¹
812 5663 853 5718 CF
871 5664 971 5717 uidetur
984 5666 1140 5726 insinuasse.
1179 5669 1200 5700 ¹¹
1214 5671 1347 5739 praeteriti
1361 5684 1415 5723 ortt.
1427 5667 1462 5730 Α.
1501 5669 1877 5742 ¹¹SicCF.;lliu¹etliqerern.
1908 5660 1969 5714 ¹¹Slt
2032 5689 2033 5708 ι

389 5730 447 5792 tli‘;
468 5732 487 5782 a
502 5733 529 5786 in
543 5734 676 5801 paradiso,
689 5734 827 5787 iuclroolrnt
847 5735 930 5788 virere
940 5735 998 5791 siue
1011 5746 1064 5790 eet.
