4167 6625
113 431 182 493 ttbt
386 429 512 491 inusto
530 427 674 491 orendil
693 428 723 488 S.
743 425 916 488 mouisti..
928 452 966 472 ·-
981 421 1251 486 ecelesiastica
1266 417 1465 482 monticula.
1677 416 1748 477 ttob

111 551 229 609 futuram
241 561 319 606 sustu
334 546 514 607 universalem
526 547 762 607 resurrectionem.
785 545 902 604 Sanctae
914 548 940 612 Α
952 550 1044 599 autem
1057 539 1199 599 domestici
1211 539 1361 598 secundnm
1374 536 1494 595 divium
1515 533 1708 594 habitationem
1720 547 1750 597 et
1798 619 1804 628 ι

109 642 181 701 euim
193 641 311 707 animae,
325 640 359 697 ad
373 654 434 698 earu
451 641 479 698 in
494 642 565 697 mala
575 641 724 698 secundum
737 640 903 697 bancritam
956 634 1072 692 similem
1084 633 1331 699 conversationem,
1348 630 1449 702 ipsum,
1461 629 1509 701 qui
1522 636 1576 697 est,
1590 626 1749 686 beatificant

109 738 245 804 potentem
260 729 383 787 cadeudo
405 731 611 788 conversionem
631 746 686 787 nou
702 731 853 797 uenientes,
874 728 902 785 in
956 725 989 782 ad
1002 723 1173 796 palmiferum
1189 731 1282 794 optate
1294 720 1448 778 uenientem
1460 717 1554 787 duem,
1569 724 1598 775 et
1617 718 1750 777 victoriae

109 837 141 881 ee
168 823 268 879 iterum
287 821 462 895 generatione
482 823 511 878 in
533 822 741 880 conversibilem
765 821 904 879 habebunt
955 817 1058 873 causali
1072 817 1382 888 gratulatoriosoantus
1408 811 1542 880 referunt,
1566 811 1656 869 adbuc
1668 820 1697 868 et
1717 826 1749 869 se

108 912 376 971 deiformosissimam
392 914 676 972 transordinationem.
695 913 794 971 Mutina
811 925 902 971 autem
955 918 1084 965 venturos
1105 907 1162 963 fore
1184 907 1219 963 ad
1242 906 1359 963 similem
1372 914 1499 978 optantes
1513 905 1656 975 quietern:
1676 903 1749 963 aeci·

106 1004 829 1078 nncmmmanimammeoniuqaetcueuutiamrpera
838 1021 903 1062 oon·
955 1002 1061 1074 pientes
1077 1015 1143 1057 reru
1154 1014 1227 1068 eum,
1240 1000 1273 1056 ad
1293 1015 1428 1056 summum
1451 997 1619 1055 sacerdotem
1635 996 1747 1065 ducunt,

106 1099 210 1171 scripta
236 1097 246 1132 ¹
268 1107 296 1155 et
313 1098 520 1156 commilitantia
540 1100 688 1156 secundnm
710 1099 817 1155 diuinas
838 1113 902 1156 sum
956 1102 1085 1165 tanquam
1099 1089 1470 1149 adcomnammdiuinarum
1483 1089 1665 1146 donationem.
1688 1090 1750 1162 lpse

17 1214 21 1249 t
107 1189 308 1255 collocationes,
322 1189 514 1247 inanimamm
529 1189 901 1249 ineommutabilisecundum
955 1195 1047 1243 autem
1060 1193 1175 1242 canmns
1195 1184 1308 1256 suscipit
1318 1192 1347 1241 et
1367 1182 1475 1255 perficit
1498 1182 1646 1239 secundum
1659 1180 1747 1255 legem

17 1516 24 1530 .
105 1469 178 1525 banc
193 1466 277 1524 uitam
292 1467 379 1525 sacris
392 1468 545 1535 animabus,

18 1584 20 1589 ·
103 1558 356 1627 facta,deifermcm
367 1567 397 1617 ct
408 1559 651 1632 incorruptibilem,
664 1557 901 1630 immortalemque

18 1674 20 1711 t
102 1662 131 1710 et
142 1654 252 1711 beatam
269 1653 400 1726 recipient
416 1654 546 1726 quietem.
566 1654 597 1710 ln
610 1654 653 1711 bis
666 1669 732 1726 ergo
743 1663 900 1710 sanctemm

18 1962 24 1995 ΞΑ
99 1942 170 1983 vero
181 1927 227 1983 alii
241 1927 351 1999 quidem
365 1929 394 1985 in
409 1944 461 1985 nort
476 1929 679 1986 subsistentiam
702 1928 896 1985 irrationabili·

18 2162 19 2165 ,
99 2110 242 2183 corrumpi
255 2111 425 2184 propriarum
436 2111 588 2167 animarum
601 2112 829 2182 coniugationem,
841 2109 898 2166 uel·

18 2242 20 2273 .
100 2212 135 2259 nt
159 2204 358 2275 incompactam
381 2203 422 2259 eis
445 2203 606 2260 existentem
629 2203 790 2260 deiformem
814 2202 899 2259 ritant

17 2342 21 2355 .
98 2302 131 2349 ct
141 2293 249 2350 beatam
262 2294 395 2365 quietem,
411 2308 466 2351 non
480 2293 674 2366 intelligentes,
693 2309 781 2365 neque
792 2293 858 2350 satis
870 2294 899 2351 in

18 2520 20 2537 r
98 2491 155 2533 nos
168 2475 196 2531 iu
212 2473 321 2532 cbristo
334 2473 603 2532 deiformosissimam
615 2476 711 2530 uitam.
735 2474 789 2531 niti
809 2484 900 2530 autem

17 3173 25 3186 ,
98 3122 179 3179 vitae
190 3121 294 3179 sanctis
306 3119 516 3191 promissionem
527 3117 728 3175 sanctissimam
738 3124 767 3174 et
778 3116 904 3174 beatissu-

18 3454 24 3467 ι
98 3395 168 3466 quis
182 3408 199 3450 a
214 3392 410 3450 sacratissimis
420 3393 489 3449 viris
500 3392 528 3449 in
543 3393 612 3450 tales
626 3408 745 3460 errores,
755 3393 804 3451 sed
813 3391 905 3451 eonfe-

106 1280 225 1339 dirinam
248 1280 331 1338 ritant
357 1280 534 1340 fundamento
554 1282 737 1354 conrecipient
764 1282 903 1353 propriam
955 1291 1062 1334 sacram
1076 1275 1103 1348 ip
1118 1275 1219 1332 saumis
1230 1273 1426 1332 dormientibus
1439 1272 1615 1345 perficienda.

24 1411 26 1420 ι
105 1373 472 1448 resurrectionemssuquod
485 1375 901 1434 enimunitaerantsecundum
1096 1384 1604 1459 uygpmmpmmaomrmtpu,

566 1468 641 1525 '⁰¹⁰¹
656 1468 779 1525 membra
797 1465 900 1524 emim
989 1503 1165 1577 Gortqregans
1176 1501 1284 1557 diuinus
1296 1500 1424 1557 sacerdos
1443 1514 1552 1556 sacrum
1567 1499 1693 1568 eborum,
1715 1498 1749 1557 si·

954 1597 1063 1670 quidem
1076 1593 1216 1653 moenium
1231 1593 1312 1650 fuerit
1323 1593 1419 1651 ordine
1432 1593 1580 1660 dormiens,
1591 1592 1619 1649 in
1634 1607 1750 1665 conspe·

200 1747 262 1761 ..
348 1747 378 1761 ..
454 1748 461 1762 .
587 1748 614 1762 ..
704 1747 710 1760 ,
765 1747 772 1760 ,
953 1696 1000 1745 ctu
1017 1686 1101 1743 diuini
1115 1684 1209 1741 altaris
1223 1684 1356 1740 inclinans
1377 1698 1451 1750 eum,
1470 1681 1594 1739 initiatur
1611 1682 1645 1738 ad
1664 1683 1750 1740 mum

101 1757 147 1804 ω
161 1762 239 1818 ‘¹¹⁸¹oe
253 1746 395 1804 mmmm
411 1756 441 1805 ω
452 1749 615 1804 ”nmmb'h
630 1763 690 1820 ⁸¹'e’
703 1762 731 1802 ¹¹¹
746 1746 899 1802 mmm
953 1780 1077 1838 eratione
1087 1786 1115 1834 et
1127 1777 1309 1833 Eucharistia.
1331 1775 1362 1831 Si
1377 1783 1468 1831 autem
1494 1773 1597 1830 sanctis
1610 1775 1751 1832 monacbis

17 1867 25 1902 '·
100 1839 285 1894 “mmmm
317 1846 478 1911 mmmm
518 1853 665 1895 mmmm·
696 1836 898 1895 'mmundoe'm'
954 1877 1002 1925 aut
1013 1882 1092 1925 sacro
1105 1867 1203 1939 populo
1216 1866 1358 1922 ordinatus
1368 1873 1420 1931 est,
1433 1864 1468 1920 ad
1483 1863 1643 1922 hortorabile
1656 1879 1749 1922 sacer·

220 2021 226 2032 ,
298 2013 302 2020 .
373 2020 379 2034 ,
477 2020 495 2034 ,,
773 2021 780 2034 ,
911 1934 1052 2019 Bdotium
1064 1962 1152 2034 ipsum
1166 1959 1278 2017 inclinat
1297 1967 1360 2014 ante
1379 1956 1575 2016 sacerdotalem
1596 1958 1747 2014 introitum.

100 2028 147 2076 w
159 2028 305 2076 mmm
323 2019 433 2078 ΜΝ
449 2020 496 2077 ⁸¹¹¹
507 2036 573 2077 '⁸¹⁰
589 2020 760 2092 mmmm
772 2036 801 2077 ¹¹¹
812 2019 897 2077 “mel
948 2055 1052 2114 Deinde
1071 2053 1178 2125 perlicit
1197 2055 1232 2108 ad
1254 2052 1339 2109 Deum
1361 2051 1582 2108 eucharistialem
1597 2051 1749 2107 orationem

948 2163 1072 2207 summus
1086 2146 1222 2204 sacerdos.
1237 2144 1442 2216 cousequenter
1459 2142 1577 2199 ministri
1599 2143 1629 2199 in
1648 2142 1748 2199 diuinis

947 2241 1063 2314 eloquiis
1076 2239 1194 2312 prolatas
1216 2252 1271 2294 nou
1293 2237 1438 2293 mendaces
1449 2233 1644 2307 promissiones
1654 2232 1688 2290 de
1703 2248 1749 2289 sa·

949 2350 996 2393 cra
1021 2342 1118 2390 nostra
1150 2331 1350 2388 resurrectione
1382 2328 1513 2400 legentes,
1537 2340 1616 2382 sacre
1634 2330 1750 2381 cantant

949 2426 1111 2484 confitentes
1122 2425 1212 2481 hecel
1230 2430 1355 2494 potentes
1372 2419 1563 2493 psalmicorum
1578 2417 1748 2490 eloquiorum

18 2542 20 2553 ’
293 2565 300 2578 .
417 2565 424 2577 .
468 2565 474 2578 .
787 2564 793 2576 .
951 2527 1059 2578 cantus.
1074 2517 1177 2575 Deinde
1192 2515 1404 2572 ministrantium
1419 2512 1524 2585 primus
1542 2510 1656 2568 resoluit
1673 2520 1751 2569 cate·

17 2624 25 2646 '·
100 2581 250 2638 mmmm
264 2564 381 2622 abomm
397 2565 720 2622 fflsmbuumammm
734 2564 902 2669 ‘⁸⁰¹⁰ng
951 2612 1113 2675 cbumenos,
1124 2614 1152 2663 et
1162 2606 1303 2678 praedicat
1310 2603 1367 2675 jam
1376 2604 1541 2660 dormientes
1553 2610 1676 2669 sanctos,
1687 2617 1750 2659 cum

97 2655 902 2815 ῃὲωἱῗὲῃῗξῗξίὦῖἰῗῃθῖμέᾞἰίἰὲῒῶῑέξῖῗε
951 2703 1051 2775 quibus
1064 2701 1191 2773 dignatur
1206 2699 1286 2755 modo
1304 2696 1460 2754 defunctum
1479 2696 1637 2752 coordinata
1652 2695 1752 2751 recita·

98 2856 166 2992 :¹¹⁰2
173 2838 903 3003 &summmJgssnsgffigmaeffissg
953 2883 1226 2945 consummationem.
1242 2879 1345 2937 Deinde
1360 2878 1491 2935 accedens
1505 2877 1613 2933 diuinus
1624 2892 1748 2933 summus

119 3029 127 3041 .
253 3027 260 3041 .
457 3025 464 3038 .
505 3024 511 3038 .
862 3022 868 3035 .
954 2977 1093 3045 sacerdus,
1108 2974 1261 3031 orationem
1274 2970 1490 3029 sacratissimam
1508 2984 1592 3039 super
1614 2983 1648 3026 eo
1672 2968 1747 3025 facit.

98 3028 187 3084 ”²¹⁰⁸
204 3036 330 3084 mum
345 3033 465 3082 remu
486 3025 623 3092 mmm’
639 3023 809 3081 mmm
824 3026 904 3129 hum?
954 3070 989 3128 lit
1012 3076 1077 3142 post
1097 3066 1249 3123 orationem
1285 3065 1343 3137 ipse
1367 3076 1490 3121 snmmns
1515 3061 1643 3119 sacerdos
1663 3063 1751 3119 saluta

955 3159 1145 3222 dormientem,
1160 3165 1188 3213 ct
1204 3164 1266 3228 post
1283 3169 1346 3211 eum
1367 3161 1526 3226 praesentes
1543 3167 1648 3210 omnes.
1669 3151 1749 3210 Salu-

959 3249 1079 3308 lantibus
1101 3254 1191 3303 autem
1206 3245 1331 3301 omnibns
1352 3242 1469 3300 iufundit
1490 3242 1634 3299 dormienti
1660 3241 1749 3299 oleum

956 3354 1079 3401 summus
1091 3339 1229 3406 sacerdos,
1239 3345 1269 3395 et
1278 3352 1329 3410 pro
1341 3337 1469 3396 omnibus
1479 3337 1632 3394 orationem
1644 3351 1750 3394 sacram

955 3442 1071 3511 faciens,
1084 3447 1219 3514 reponunt
1232 3440 1260 3495 in
1282 3438 1364 3496 domo
1385 3435 1538 3494 honorabili
1563 3450 1663 3508 corpus
1686 3450 1749 3493 cum

956 3531 1073 3590 aliomm
1085 3530 1306 3591 coordinatomm
1319 3536 1477 3586 senmurum
1486 3526 1657 3599 corporibus.

18 2362 22 2449 ζ
99 2385 197 2442 divina
210 2384 324 2441 scientia
339 2384 452 2450 eruditi,
467 2384 665 2441 inchoaverunt
676 2384 732 2456 jam
750 2384 899 2441 secuudum

954 2794 1038 2861 tione,
1063 2800 1092 2847 et
1112 2792 1343 2846 bortaturomnes
1355 2797 1447 2858 petere
1461 2786 1490 2842 in
1512 2784 1621 2841 cbristo
1643 2785 1750 2841 beatam

17 3199 27 3302 ζ
99 3229 180 3270 mam
193 3213 324 3287 quietem,
336 3220 365 3269 et
376 3224 454 3269 escas
466 3211 592 3282 proprias
606 3220 709 3267 mutata
719 3210 775 3266 vita
787 3208 842 3276 bis,
856 3223 903 3278 qur

18 3360 29 3395 ff
104 3304 137 3362 ln
147 3302 252 3378 angelis
262 3302 371 3376 iniustis
383 3310 456 3370 mut,
469 3301 654 3375 proiecerunt.
666 3300 721 3359 Sed
732 3317 788 3359 nou
802 3299 906 3391 recidet
917 3297 942 3365 C

96 3485 171 3541 stim
208 3495 239 3540 se
263 3491 436 3555 susceptures
460 3498 522 3542 esse
546 3484 904 3557 Christiformemqnietem,

27 3568 34 3579 '
98 3575 234 3642 scientes,
248 3589 312 3632 cum
322 3573 350 3630 in
361 3574 442 3632 duem
452 3577 736 3647 uenientbujusvitae,
748 3579 777 3634 in
789 3579 800 3610 ¹
812 3578 904 3634 incor-

102 3666 263 3739 ruptionem
290 3680 368 3723 snam
381 3666 453 3723 riam
465 3667 548 3724 ueluti
561 3668 782 3739 propinquiorem
792 3668 849 3740 jam
867 3667 900 3723 fa·
1290 3643 1414 3700 Tm'f‘·

21 3746 31 3769 ''
103 3767 181 3816 ctam
207 3757 378 3815 manifestius
398 3756 503 3827 uident,
522 3766 551 3815 et
574 3756 734 3815 donationes
754 3757 905 3816 diuinitatis
992 3761 1046 3820 Sed
1056 3762 1125 3819 baec
1138 3762 1247 3832 quidem
1259 3761 1282 3818 si
1293 3761 1465 3817 viderintaut
1475 3755 1610 3814 audierint
1621 3758 1743 3816 immund

25 3848 34 3927 j
103 3852 229 3933 landant.
252 3860 281 3909 et
298 3850 409 3909 divinae
432 3851 621 3908 delectationis
642 3851 797 3923 implentur,
811 3853 846 3923 ad
859 3867 903 3920 ea,
956 3852 1028 3925 apud
1045 3868 1095 3911 nos
1110 3853 1285 3925 perficienda,
1305 3851 1359 3907 late
1374 3850 1511 3917 ridebunt,
1523 3857 1555 3906 nt
1567 3849 1696 3918 arbitror,
1722 3861 1752 3908 et

22 3930 31 3955 ⁹
103 3957 179 4015 quae
192 3954 265 4000 retro
277 3949 353 4008 sunt,
367 3942 576 3999 conversionem
590 3956 644 3999 nou
658 3942 686 3998 in
700 3941 791 4012 aliquo
805 3942 904 3998 timen-
956 3945 1059 4002 erroris
1073 3944 1159 4000 nostri
1177 3943 1388 4000 miserebuntur.
1413 3938 1474 3997 lion
1491 3948 1600 4013 oportet
1610 3951 1701 3998 autem
1716 3945 1750 3999 ad

22 4014 39 4045 ³
103 4044 161 4101 tes,
180 4034 229 4093 sed
251 4035 466 4100 benescientes,
484 4033 548 4105 quia
566 4048 691 4105 possessa
705 4034 905 4090 bonallrmiter
956 4036 1009 4093 bae
1023 4035 1129 4092 mirari.
1156 4032 1187 4091 st
1209 4034 1282 4091 eninr
1311 4047 1366 4090 non
1387 4032 1565 4100 crediderint,
1590 4041 1621 4088 ut
1643 4033 1750 4105 eloquia

23 4112 38 4205 'J
104 4133 136 4182 et
150 4124 326 4183 aeternaliter
340 4125 480 4182 habebunt
494 4137 520 4180 ι.
532 4123 803 4196 Coinquinatiouibus
814 4133 904 4180 autem
956 4126 1037 4183 aiunt
1047 4136 1075 4193 ⁶,
1088 4139 1177 4195 neque
1192 4120 1419 4196 intemperatius
1431 4132 1521 4180 antem
1533 4124 1678 4181 invisibilia
1689 4140 1752 4197 per·

23 4210 36 4235 ⁹
104 4216 689 4293 plenietimmundlsmaculis,quiquidem
703 4228 906 4287 sacramqoan·
957 4216 1136 4276 ficiendurum
1169 4216 1358 4289 inspicientes,
1384 4215 1449 4273 lesu
1472 4215 1596 4273 luciduco
1617 4217 1750 4286 dicamus,

107 4309 174 4366 dam
194 4309 334 4367 consecuti
346 4315 410 4365 sunt
437 4308 600 4373 doctrinam,
627 4307 679 4379 ipsi
703 4320 770 4364 vero
785 4322 847 4364 cam
870 4320 906 4363 ex
957 4313 1092 4386 quomodo
1107 4327 1163 4370 non
1181 4312 1402 4370 irrationabiliter
1423 4326 1546 4369 summus
1569 4314 1696 4371 sacerdos
1723 4316 1752 4373 in

105 4399 221 4474 proprio
232 4399 324 4456 ”lim
337 4397 443 4471 perdite
463 4396 647 4469 l’fflilfiessitb
661 4397 690 4454 in
702 4404 911 4470 corrumpentes
958 4419 1046 4475 aeque
1059 4404 1222 4461 militantem
1235 4404 1348 4461 eborum
1363 4403 1511 4461 introducit
1521 4403 1675 4477 etlmpouit
1688 4406 1751 4463 dur-

107 4492 660 4567 spontesededemntooncupisoentias,
683 4492 801 4549 eumad
823 4490 905 4548 finem
958 4494 1099 4552 mientem.
1136 4494 1279 4566 Significat
1304 4493 1377 4551 enim
1413 4493 1582 4559 mirabiliter,
1601 4496 1749 4553 smurrdum

107 4585 228 4643 ueniunt
245 4584 325 4656 buius
343 4583 416 4640 uitae
430 4583 570 4655 imparati,
585 4592 615 4639 ut
628 4584 669 4640 cis
690 4583 759 4640 benc
774 4596 905 4653 spumeos
958 4586 1019 4644 illas
1032 4594 1113 4644 erunt
1126 4601 1221 4644 omues
1237 4588 1266 4642 in
1288 4587 1346 4658 ipsa
1364 4586 1462 4643 iterum
1476 4586 1650 4658 generatione
1667 4603 1751 4645 roca·

24 4658 29 4675 ⁶
108 4673 268 4733 manifestat
289 4673 457 4745 cloquiomm
482 4674 573 4730 diuina
594 4673 728 4746 legislatio
740 4674 768 4740 ¹²,
784 4673 906 4745 perditas
918 4656 945 4719 Ῑ)
958 4678 1056 4744 tiones,
1070 4679 1217 4749 pnrambic
1231 4679 1369 4751 propriam
1383 4679 1467 4734 uitam
1481 4678 1633 4749 implentes.
1649 4680 1751 4752 Utpote

108 4767 231 4839 propriis
241 4766 412 4837 passionibus
425 4765 579 4838 uoluptates
590 4764 651 4822 aliis
661 4765 748 4823 oculis
757 4766 906 4838 inspicieu·
957 4768 980 4823 si
988 4766 1148 4824 deiformem
1156 4768 1218 4839 quis
1230 4767 1324 4824 babuit
1336 4767 1381 4824 iric
1391 4774 1419 4822 et
1430 4768 1643 4824 sacratissimam
1655 4771 1751 4837 litam,

27 4858 32 4945 ζ
112 4859 435 4926 tes,etsacramuitam,
449 4856 601 4929 qua-stulte
617 4866 798 4927 recesserunt,
820 4860 922 4937 beati-G
958 4861 1091 4932 qnaotnrit
1111 4859 1171 4916 rire
1190 4859 1238 4916 llei
1255 4858 1388 4917 imitabile
1410 4858 1513 4916 licitum
1531 4867 1583 4927 est,
1605 4860 1632 4915 in
1653 4861 1752 4919 diuinis

27 4960 31 4969 ’
110 4948 237 5013 ficantes,
252 4948 443 5004 miserabiliter
467 4955 496 5003 et
508 4948 630 5004 coactive
651 4948 841 5005 rescinduntur
854 4950 906 5006 bac
958 4950 1011 5007 erit
1028 4963 1080 5021 per
1105 4948 1226 5007 menium
1244 4948 1363 5005 futurum
1380 4956 1409 5005 et
1432 4948 1518 5006 beatis
1537 4948 1753 5021 quietibusl'llil

27 5034 35 5063 ²
110 5039 181 5103 rita,
203 5038 238 5094 ad
260 5038 362 5095 nubam
387 5052 493 5093 sacram
514 5052 590 5110 spem
615 5038 772 5094 manuducti
796 5046 908 5110 prepter
959 5049 1052 5099 autem
1065 5041 1125 5113 eius
1141 5055 1189 5112 per
1205 5051 1354 5098 extremam
1377 5039 1481 5097 formae
1498 5039 1689 5105 demissionem
1708 5057 1755 5098 sa·

28 5150 30 5155 ·
111 5130 261 5201 pessimam
275 5128 486 5185 vitaml'alium
504 5138 594 5184 autem
616 5104 690 5186 nullo
707 5128 799 5186 futoro
811 5145 907 5187 secun·
958 5146 1033 5188 cram
1060 5141 1151 5188 tantm
1173 5130 1327 5188 conformes
1346 5139 1374 5188 et
1394 5131 1469 5203 ipsae
1496 5132 1626 5197 reltilent
1643 5139 1750 5187 sanctas

29 5220 33 5231 '
112 5222 180 5279 dum
191 5221 398 5278 dormitationes
409 5230 565 5277 sanctornm
579 5219 712 5287 virorum,
728 5220 785 5291 ipse
796 5220 907 5292 quidem
957 5221 1161 5280 retributiones.
1176 5221 1229 5278 Pro
1244 5223 1297 5279 bac
1309 5222 1398 5278 diuina
1409 5221 1514 5293 justitio
1528 5236 1651 5277 summus
1660 5235 1751 5277 sacer·

112 5317 150 5374 ad
169 5315 249 5372 duem
272 5316 384 5373 ueniens
405 5314 576 5387 propriorum
593 5315 785 5382 certaminum,
805 5314 908 5372 laetitia
958 5315 1126 5387 dosgratias
1142 5316 1402 5387 mensurationem
1414 5327 1520 5372 sacram
1536 5311 1612 5376 facit,
1622 5309 1752 5369 stublon·

29 5400 31 5430 ²
113 5417 211 5468 nacta
224 5407 356 5479 repletur,
371 5416 471 5464 etcum
486 5404 664 5462 delectatione
677 5405 761 5461 multa
779 5404 813 5460 ad
835 5404 909 5461 uiam
961 5408 1024 5464 dam
1037 5406 1131 5462 laudat
1146 5406 1325 5474 tbearcluiam,
1337 5415 1467 5478 tanquam
1479 5403 1672 5461 destmctitam
1688 5420 1755 5461 con·

113 5498 242 5561 asendit
266 5498 375 5557 divinae
397 5499 498 5556 iterum
520 5496 713 5571 generationis.
744 5497 910 5555 llormientis
960 5507 1002 5554 tra
1015 5512 1112 5555 omncs
1124 5496 1277 5570 injustacet
1291 5499 1449 5572 tyrannicae
1461 5495 1608 5571 potentiae,
1624 5495 1753 5555 transdu-

771 5606 900 5667 tantali
917 5607 1119 5669 mertuum.

155 5681 357 5755 'mepseta
393 5679 571 5737 'inomffi
872 5749 989 5811 NOTAE

997 5831 1011 5865 0

154 5836 172 5870 ⁸
187 5823 261 5882 Psal.
272 5823 307 5891 l,
317 5820 402 5888 xxi,
417 5812 556 5879 txxlttt.

154 5895 174 5941 ⁸
189 5893 247 5956 let.
260 5893 302 5965 Ἲς
316 5893 381 5968 Sep.
393 5892 428 5950 t.

1029 5821 1082 5880 lau.
1098 5818 1154 5878 vll.
