4167 6625
32 384 110 446 tasa
256 378 261 382 ’
358 396 484 462 ususto
502 402 646 467 armna
665 408 695 467 s.
714 408 930 491 utonvsng-
948 416 993 477 os
1011 421 1135 483 utvmrs
1152 423 1349 486 nummus.
1599 428 1670 492 tiso

30 508 90 566 ω’
102 505 130 557 ‘³
142 501 207 612 (ΙΨ
223 506 364 618 “sffffl‘h
376 516 509 585 ⁰li¹¹¹num
521 559 530 588 a
553 530 585 577 ut
595 523 740 581 wutialc
757 528 829 599 opti·
843 532 870 593 Α
882 542 1009 604 cooperta
1021 535 1116 591 vivunt
1124 546 1153 593 et
1165 537 1274 608 obruta,
1284 549 1312 597 et
1326 538 1485 613 simplicitet·
1493 558 1671 619 qvvaecnuqne

28 612 112 704 tituto
120 638 127 662 ι
155 615 184 656 ¹¹1
205 616 309 671 omnm,
324 621 394 678 quae
417 621 495 682 suut,
520 617 642 674 extendit
665 619 825 677 bonitatem.
878 624 1035 680 sensibilem
1050 627 1151 685 babent
1163 625 1282 687 animuin
1295 644 1342 689 ant
1354 613 1448 700 ailam,
1463 636 1568 694 ethaeo
1580 641 1671 695 onvrria

28 686 141 791 bmuvtn
154 693 344 767 sicutquidem
359 703 406 773 qui
420 708 569 765 meandum
581 725 633 766 nos
646 720 691 768 cst
707 713 759 780 snl,
773 728 826 772 nou
878 718 1075 789 peroptimum
1090 722 1246 779 animantur
1260 734 1288 782 ιι
1304 726 1487 784 vivificantur.
1501 729 1536 784 Et
1549 731 1671 801 germina

25 788 159 886 cogitans
182 792 230 839 aut
257 790 442 861 praeeligens,
469 794 519 852 sed
544 811 579 853 en
604 813 665 856 esse
693 800 828 858 illuminat
878 807 970 864 omnia
990 810 1158 867 'nutritivam
1182 820 1211 868 ct
1235 815 1365 870 motivam
1393 814 1492 874 babent
1523 819 1606 875 vitam
1637 834 1673 877 ex

25 884 135 974 ontulit,
157 882 402 980 coaeparvictpare
420 884 510 943 lumen
525 886 584 959 ιιιιι
600 894 748 949 secundnm
762 908 827 966 pro·
879 899 992 969 optimo,
1011 909 1040 957 et
1053 916 1232 972 quaecuuque
1252 904 1287 960 sit
1300 904 1456 962 inanimalis
1469 915 1496 963 ιι
1514 922 1567 963 uon
1580 907 1674 966 vitalis

25 975 124 1031 prtem
137 974 258 1036 ιιιιιιιιι
272 980 336 1027 sont
351 974 495 1044 rationem,
506 979 547 1036 sic
560 988 588 1036 et
601 982 734 1053 optimum
747 1000 829 1057 super
879 989 1009 1058 essentia,
1022 1005 1073 1061 per
1086 993 1217 1063 optimum
1226 1002 1278 1060 cst,
1290 1002 1318 1051 et
1338 1010 1387 1068 per
1400 997 1487 1068 ipsum
1499 999 1673 1058 essentialem

25 1051 142 1159 wiefli.
168 1065 197 1112 ¹¹1
211 1073 293 1130 suber
317 1063 463 1124 obscuram
485 1069 632 1143 imaginem
664 1074 831 1135 excellenter
879 1079 1001 1139 babitom
1014 1084 1120 1141 sortita.
1134 1084 1163 1143 Si
1175 1095 1267 1143 antem
1280 1096 1308 1145 et
1322 1104 1404 1161 super
1423 1091 1515 1154 omnia
1528 1092 1673 1151 existentia

25 1147 186 1256 Pfinsslbile
211 1154 386 1225 ⁰¹0¹¹¹li¹¹¹ms
413 1158 464 1230 lusi
486 1160 679 1229 tubtiileullac
703 1165 830 1223 omuibus
879 1181 934 1238 est,
948 1175 1385 1249 quomodoigiturestoptimuml
1399 1180 1432 1236 lit
1447 1180 1670 1240 inlormelormi·

24 1247 218 1304 exvstentibus
227 1252 466 1322 proportionaliter
475 1259 642 1330 supermittit
657 1261 740 1318 totius
752 1262 832 1319 boni·
881 1261 965 1329 licat,
998 1273 1026 1319 ιι
1055 1265 1084 1320 in
1117 1280 1148 1322 se
1178 1266 1235 1323 solo
1272 1283 1326 1324 uon
1355 1270 1501 1327 essentiale
1537 1261 1674 1331 essentiae

27 1334 218 1394 satisradios.
236 1338 832 1411 Pergnossubsistereinvisibilcsetintelie-
882 1354 1059 1422 excellentia,
1083 1366 1179 1415 ctuon
1202 1360 1298 1417 vivens
1324 1376 1456 1431 superans
1481 1361 1547 1430 vita,
1571 1370 1599 1420 ιι
1621 1379 1676 1421 nou

32 1426 832 1514 ctnatesomnes,etesseutiae,etvirtutes,ctoperationes
882 1441 1036 1515 intelligens
1063 1460 1196 1517 sinpernus
1224 1450 1376 1522 sapientia,
1393 1461 1421 1507 et
1446 1467 1625 1524 quaecunque
1647 1452 1676 1508 in

30 1533 148 1590 perena
170 1531 245 1590 sunt,
267 1531 295 1580 et
315 1526 400 1582 vitam
420 1528 521 1585 babent
542 1546 596 1588 non
620 1532 790 1591 deiicientem
803 1544 834 1593 ιι
882 1535 985 1605 optimo
1008 1534 1164 1593 informium
1192 1548 1256 1595 suvtt
1282 1540 1508 1612 supereminentis
1537 1539 1677 1612 specifica·

30 1624 89 1665 nou
115 1612 295 1681 minoratam,
320 1619 395 1674 omui
423 1623 598 1691 cornvptinue
634 1634 663 1681 et
686 1638 773 1682 morte
805 1637 833 1684 et
884 1625 975 1683 tionis.
992 1627 1026 1682 Et
1036 1625 1169 1696 siiustum
1183 1629 1284 1695 dicere,
1299 1630 1430 1701 optimum
1444 1629 1515 1701 quood
1528 1638 1580 1696 est,
1592 1644 1676 1701 super

31 1701 152 1758 ιιιιιιιιι
167 1711 196 1759 ιι
220 1707 394 1776 generatione
423 1720 570 1783 purgatae,
602 1722 631 1769 et
659 1715 787 1772 instantia
805 1725 833 1772 ct
883 1718 975 1774 onvnia
991 1719 1165 1775 existentiaet
1177 1720 1214 1786 id,
1231 1721 1303 1790 qnod
1317 1736 1371 1776 avon
1389 1719 1429 1786 ia,
1444 1722 1557 1792 appetit,
1570 1730 1597 1775 ιι
1608 1734 1676 1776 con·

30 1787 111 1847 duan
143 1802 172 1850 ιι
191 1795 265 1851 aliud
291 1796 374 1854 aliter
394 1798 499 1857 terente
523 1802 704 1863 mutabilitate
725 1820 832 1862 sursum
885 1807 970 1863 tendit
997 1809 1132 1879 quomodo
1157 1810 1184 1866 in
1213 1813 1316 1882 optimo
1332 1821 1360 1869 ιι
1385 1812 1435 1868 ltoe
1463 1826 1523 1868 csse
1551 1819 1613 1867 ente
1631 1823 1679 1867 stt·

29 1883 154 1953 positae,
180 1894 208 1942 et
233 1887 436 1960 incorporales,
462 1902 490 1948 ιι
514 1892 709 1951 immateriales
736 1896 1071 1970 intelli-chrcsseutiali
1086 1899 1165 1970 juxta
1185 1902 1306 1957 novitium
1330 1901 1506 1957 ablationem.
1528 1901 1582 1957 Sed
1606 1899 1679 1971 quod

36 1984 155 2043 gontm,
169 1985 198 2032 ιι
219 1987 249 2034 ut
264 1979 417 2038 intellectos
431 1987 652 2054 supermundane
667 1987 835 2071 intelligunt,
887 1987 996 2059 quidem
1011 2003 1062 2044 nos
1074 1988 1101 2043 in
1119 1989 1208 2045 medio
1221 1991 1443 2061 praetermissum
1455 1989 1558 2062 elingit,
1573 2000 1602 2046 ct
1617 2005 1680 2046 can·

29 2076 63 2120 et
86 2067 263 2125 existentium
295 2073 404 2144 proprie
437 2074 625 2134 illuminantur
651 2080 788 2150 rationes,
808 2090 838 2139 ιι
886 2077 996 2134 lestinm
1011 2079 1164 2151 principum
1183 2088 1211 2135 et
1233 2081 1429 2137 sublimitatum
1440 2096 1523 2138 causa
1535 2081 1678 2152 optimum,

30 2156 137 2215 iterum
151 2160 178 2216 ιιι
192 2176 317 2234 cognom,
332 2179 402 2236 qtvae
418 2168 526 2237 pmpria
550 2178 624 2235 sunt,
650 2169 786 2230 delerant.
803 2175 839 2232 Et
886 2187 942 2228 nou
969 2182 1051 2230 aneta
1074 2181 1103 2228 et
1117 2188 1170 2230 uon
1186 2173 1301 2238 minuta,
1325 2181 1354 2229 et
1379 2174 1491 2229 omniun
1517 2170 1678 2228 immutabili

30 2249 234 2310 habitationem
248 2270 282 2311 ex
304 2256 427 2315 bonitate
441 2260 561 2328 babent,
585 2271 613 2320 ιι
628 2262 835 2324 fundamentum.
886 2262 980 2317 eaden
1003 2261 1163 2329 latitudine,
1181 2272 1210 2319 ιι
1225 2263 1446 2330 consonantium,
1461 2264 1485 2319 si
1509 2262 1549 2320 sie
1572 2269 1678 2333 oportet

29 2343 78 2401 cia
91 2346 158 2401 inde
178 2356 230 2413 cst,
243 2357 271 2404 ιι
284 2350 464 2419 coutinentia,
480 2360 508 2409 et
526 2356 665 2424 custodia,
679 2366 708 2414 ιι
721 2358 834 2418 reiectio
886 2353 988 2422 dicere.
1008 2355 1126 2411 maxima
1138 2355 1247 2412 &elesii
1267 2356 1309 2412 lii
1324 2363 1457 2423 nmmum,
1479 2364 1507 2410 θῑ
1521 2351 1677 2410 sitilianum

30 2433 184 2502 bonorum,
204 2438 300 2510 eteius
313 2452 489 2512 appetentes,
505 2453 532 2498 et
546 2458 620 2511 esse,
641 2454 670 2503 ιι
683 2448 753 2505 bene
774 2465 836 2508 esse
885 2444 1034 2512 ordinum,
1056 2452 1084 2501 ct
1096 2446 1322 2513 decorositatum,
1336 2457 1363 2503 et
1380 2447 1528 2511 luminum,
1541 2454 1570 2500 et
1591 2443 1678 2500 collo-

31 2527 152 2594 babent,
166 2538 193 2583 ιι
203 2530 237 2585 ad
249 2545 325 2597 earu,
339 2541 369 2588 ιιι
381 2535 523 2604 possibile,
538 2536 715 2607 relormatae,
728 2550 756 2596 et
767 2542 837 2598 bene
886 2537 1034 2600 cationum,
1046 2547 1073 2593 ct
1084 2538 1250 2611 singularum
1259 2538 1397 2595 stellarum
1409 2537 1582 2611 permeabilis
1593 2535 1671 2591 multi

31 2619 212 2690 specillcatae
225 2633 305 2689 ιιιιιι,
324 2631 352 2678 ιι
366 2624 425 2691 bis,
440 2641 510 2697 quiae
524 2636 586 2698 post
603 2644 633 2686 se
658 2640 741 2698 sunt,
762 2647 837 2687 com·
873 2629 1125 2692 modaetnotinnis,
1133 2638 1160 2684 ct
1169 2627 1237 2698 citus,
1245 2644 1314 2700 qvvae
1321 2628 1487 2685 estdnoruuu
1495 2626 1680 2692 luminarium,

32 2712 197 2779 munirent,
225 2725 255 2770 nt
269 2715 360 2772 divina
380 2717 424 2774 lex
443 2721 582 2792 suggerit,
598 2721 626 2776 iu
642 2737 688 2779 aas
710 2739 744 2779 cx
763 2725 836 2781 bono
885 2737 954 2793 qnae
975 2721 1081 2792 elcqvvia
1105 2730 1203 2778 vocarat
1225 2737 1341 2793 taragna,
1358 2720 1393 2776 ab
1412 2721 1514 2777 eisdem
1529 2721 1555 2775 in
1583 2718 1680 2775 endem

30 2804 236 2875 prodeuntibus
254 2808 343 2863 donis.
367 2808 433 2867 lude
453 2799 494 2867 eis
518 2814 691 2882 superornati
705 2816 835 2886 orvliaes,
885 2810 1113 2867 circummeabilis
1132 2811 1348 2876 revolubilitatis,
1362 2810 1508 2868 secondum
1522 2825 1591 2883 qvvae
1609 2808 1679 2881 apud

32 2898 71 2952 ttd
84 2912 117 2953 se
133 2897 207 2969 ipsas
218 2901 346 2968 unitates,
359 2901 432 2960 inter
445 2919 475 2961 se
489 2905 605 2961 invicem
619 2906 781 2975 iocationes,
794 2909 836 2965 in.
885 2918 937 2958 nos
951 2901 1010 2959 dies
1030 2911 1059 2958 ct
1081 2910 1176 2959 tractes
1197 2904 1375 2969 torininatae,
1400 2913 1427 2958 ct
1442 2917 1548 2959 meuses
1562 2908 1590 2958 et
1613 2899 1678 2957 anui

32 2988 170 3046 contusae
194 2992 383 3059 discretiones,
411 2995 444 3052 ad
468 2995 596 3054 meliores
615 2998 770 3056 reductivae
785 3002 836 3056 uti·
885 2995 1045 3060 mensrtrati,
1065 2996 1204 3067 temporis,
1232 3004 1259 3051 ιι
1289 3011 1381 3051 eornm
1405 3011 1474 3067 quae
1503 2996 1530 3050 in
1555 3004 1676 3065 ternpore

32 3093 137 3136 uorum
147 3080 272 3149 virtutes,
282 3084 355 3141 circa
366 3087 484 3141 secunda
492 3087 680 3157 providentiae
691 3087 834 3159 maiorum,
886 3095 957 3150 suut,
972 3085 1121 3142 circulares
1136 3096 1225 3143 motus
1245 3094 1405 3159 segregant,
1427 3096 1455 3143 et
1476 3095 1637 3153 nunterunt,
1652 3091 1681 3142 ιι

33 3172 214 3243 propriarum
238 3176 451 3248 uniuscnjusque
475 3178 606 3234 virtutum
632 3180 786 3241 custodiae.
807 3189 835 3237 ιι
887 3175 1026 3241 ordinant,
1041 3187 1070 3231 ιι
1084 3176 1237 3232 ιιιιιιιιιιιι.
1253 3175 1322 3245 Quid
1337 3177 1360 3232 si
1373 3176 1545 3247 quisdixcrit
1563 3176 1596 3231 dc
1619 3175 1681 3246 ipso

33 3264 114 3321 cirea
139 3278 185 3323 eas
208 3281 260 3323 non
286 3265 408 3325 labentes
435 3269 569 3334 ambitus,
586 3268 660 3325 circa
683 3271 834 3342 appetitum
849 3245 871 3308 (Ῑ
887 3282 936 3339 per
953 3282 982 3324 se
993 3267 1074 3324 solari
1090 3269 1187 3325 radio?
1198 3268 1236 3324 ιιι
1249 3269 1432 3342 optimoenim
1447 3269 1536 3327 lnrneu
1551 3281 1580 3325 ιι
1591 3269 1683 3342 ivtvago

35 3354 138 3425 optimi
153 3356 387 3414 immutabilitates
404 3365 433 3413 et
446 3358 638 3426 sublimitates,
658 3369 687 3415 et
700 3375 836 3431 qvvuecon-
887 3358 1024 3414 bonitatis.
1052 3358 1153 3415 boivvde
1178 3369 1207 3416 et
1235 3359 1355 3417 lucivoce
1378 3361 1503 3417 laudatur
1532 3361 1681 3433 optimum,

34 3461 92 3518 que
114 3447 171 3504 alia
190 3448 263 3504 dicta
277 3460 339 3507 sunt
354 3465 368 3505 a
384 3451 462 3508 nobis
479 3452 505 3507 in
528 3466 561 3508 co
583 3453 616 3508 de
632 3451 761 3522 angelicis
774 3467 837 3523 pro·
887 3451 961 3505 velut
972 3451 999 3507 in
1014 3451 1131 3521 imagine
1150 3451 1308 3524 principalis
1325 3452 1412 3509 iorma
1435 3453 1617 3511 nvaniiestnta.
1633 3454 1682 3514 Sic

34 3540 209 3612 prietatibus
233 3553 260 3597 et
284 3543 511 3600 ordinationibus.
525 3542 578 3599 Sed
595 3552 623 3600 ct
636 3545 644 3576 ¹
657 3558 837 3615 quaecunque
888 3543 961 3597 euim
993 3544 1116 3599 omnium
1134 3544 1299 3600 summitatis
1313 3545 1405 3601 diviua
1429 3544 1536 3602 barritus
1556 3563 1571 3600 a
1594 3546 1683 3604 subli-

34 3630 835 3707 ipsinscaelcstlsierarohiaesnutangelicaemnndatioues‚
888 3633 1016 3688 novissimis
1031 3640 1060 3689 et
1083 3633 1208 3690 nvanivnis
1228 3635 1353 3691 essentiis
1368 3650 1453 3708 usque
1477 3637 1511 3691 ad
1533 3637 1682 3693 novissima

19 3729 66 3777 ct
90 3724 306 3793 supermundani
329 3723 516 3791 luciducatus,
543 3733 571 3781 et
589 3728 837 3785 consummationes
888 3724 1022 3795 pervenit,
1035 3732 1063 3781 et
1074 3724 1162 3781 adbuc
1173 3740 1255 3796 super
1267 3741 1361 3783 omnes
1374 3736 1427 3791 est,
1443 3742 1530 3797 tueque
1542 3727 1595 3793 bis,
1607 3716 1681 3796 nuuc

35 3812 129 3870 totins
144 3813 284 3886 angelicae
298 3815 484 3888 perfectiouis,
495 3831 528 3872 ιι
539 3815 726 3872 causalissima
739 3826 767 3873 et
778 3816 838 3875 lon·
888 3829 995 3870 sorsum
1009 3825 1083 3880 snut,
1095 3814 1371 3886 atvticipantibusejm
1380 3812 1580 3879 excellentiam,
1592 3829 1680 3885 vaeque

34 3904 89 3963 tali
104 3915 171 3962 sont
183 3906 316 3974 bonitate,
330 3922 364 3963 ex
387 3921 441 3978 qna
462 3916 491 3962 et
513 3906 644 3964 deiforme
654 3908 695 3963 eis
707 3908 837 3965 donatum
889 3902 931 3959 his
949 3918 1019 3975 onae
1029 3904 1155 3960 deorsum
1171 3912 1242 3967 sunt,
1255 3905 1385 3959 ambitum
1399 3903 1682 3976 transgredientibus3

31 4006 95 4065 est,
119 4007 150 4054 et
170 3998 278 4056 elucere
302 4000 330 4056 in
354 4001 395 4056 eis
406 4000 540 4056 occultam
556 4000 721 4068 bonitatem,
736 4009 764 4057 ιι
777 4016 838 4059 esse
889 3996 936 4051 sed
954 4005 981 4051 ιι
996 3994 1129 4049 ιιιιιιιιιιιιι
1149 3993 1269 4065 potentia
1282 3993 1388 4060 omnia,
1404 4003 1431 4049 ct
1443 4010 1514 4066 quae
1526 4010 1579 4051 non
1594 4003 1679 4063 stunt,

31 4090 156 4163 angelos
171 4101 299 4162 tauquam
324 4092 511 4149 enuntiatores
527 4091 611 4149 divini
635 4093 754 4159 silentii,
769 4101 797 4148 et
808 4100 839 4147 ut
889 4088 963 4153 iacit,
975 4098 1003 4144 ct
1013 4087 1144 4153 viviticat,
1157 4096 1185 4142 et
1197 4086 1330 4152 continet,
1341 4094 1368 4141 ιι
1379 4085 1496 4159 perlicit,
1511 4095 1540 4141 ιι
1554 4101 1683 4143 mensum

30 4181 193 4238 luminaria
213 4181 289 4238 clara
307 4184 333 4239 iu
355 4184 444 4256 adytis
465 4185 609 4242 existentis
632 4184 838 4256 interpretativa
888 4190 931 4239 est
942 4180 1126 4244 existentium,
1138 4186 1165 4234 et
1180 4179 1344 4246 aeternitas,
1358 4187 1386 4233 et
1400 4191 1539 4245 numerus,
1554 4186 1582 4234 ιι
1600 4179 1681 4247 ordo,

30 4273 222 4345 praemissos.
238 4273 292 4330 Scd
309 4283 413 4346 etpost
431 4274 492 4331 illos
515 4290 608 4333 sacros
621 4285 650 4333 et
668 4285 778 4334 muetos
797 4276 839 4332 in·
888 4282 917 4329 ct
930 4271 1059 4338 ambitus,
1074 4278 1102 4327 ιι
1116 4284 1208 4338 causa,
1230 4277 1259 4327 ιι
1279 4269 1352 4326 bavis.
1365 4268 1412 4331 Sic
1425 4277 1453 4326 ιι
1473 4268 1581 4326 divinae
1603 4267 1684 4325 boni·

32 4361 187 4429 tellectus,
209 4362 318 4420 animae
343 4373 372 4420 ιι
396 4379 575 4438 quaeeunque
597 4376 661 4423 snut
684 4367 837 4423 animarum
890 4365 956 4422 tatis
968 4363 1148 4437 significativa
1165 4363 1267 4435 imago,
1285 4377 1399 4432 magnus
1417 4361 1462 4419 bic
1474 4368 1502 4417 et
1515 4360 1594 4432 plena
1607 4359 1680 4428 luce,

31 4454 133 4519 bona,
157 4468 208 4526 per
220 4469 327 4511 summe
354 4457 484 4528 optimam
503 4467 567 4514 snut
587 4459 747 4527 bonitatem,
763 4474 839 4515 ama·
889 4469 917 4517 et
940 4473 1047 4528 semper
1070 4456 1171 4512 lumine
1197 4454 1237 4511 sol
1265 4454 1412 4510 seeundum
1441 4451 1553 4509 multam
1581 4466 1681 4509 conso·

33 4547 130 4602 trices
144 4548 392 4604 easessebabcndi
405 4550 578 4607 essentialem
590 4551 685 4616 vitam,
697 4550 838 4608 insolubile
890 4553 1030 4617 nautium,
1051 4559 1078 4607 ιι
1103 4548 1195 4606 omnia
1217 4560 1395 4618 quaecunque
1425 4544 1589 4617 participare
1617 4560 1680 4601 cunt

35 4640 137 4710 ipsam
153 4652 222 4705 esse,
237 4649 265 4696 et
280 4655 361 4712 posse
373 4642 408 4697 ad
420 4643 557 4715 angelicas
572 4644 689 4700 intentas
702 4644 772 4701 vitas
788 4659 837 4716 per
887 4651 1021 4715 possunt,
1049 4639 1201 4705 illuminat,
1232 4645 1260 4693 ιι
1289 4643 1509 4708 superextentum
1533 4633 1616 4690 babet
1641 4634 1684 4688 ln·

37 4744 93 4786 eas
111 4736 143 4785 nt
161 4731 278 4799 optimas
297 4731 443 4800 ductrices,
473 4734 500 4788 in
526 4737 646 4790 omnium
671 4735 835 4806 optimorum
887 4734 989 4790 uveniu
1005 4732 1113 4797 omnia,
1133 4729 1288 4801 expandens
1311 4727 1444 4784 visibilem
1456 4727 1684 4793 mundum,sur-

40 4820 200 4876 bonitatem
212 4822 387 4895 principalem
402 4823 516 4890 reduci,
535 4833 563 4881 ιι
576 4824 638 4880 inde
650 4826 836 4880 emanantium
887 4838 1002 4893 sumque
1014 4831 1041 4880 ιι
1060 4823 1185 4879 deorsum
1203 4820 1373 4893 pmprinrum
1384 4819 1523 4876 radiorum
1533 4818 1683 4875 claritates.

41 4912 279 4969 illuminationum
305 4915 332 4970 in
355 4915 563 4987 participatione
585 4918 662 4983 lieri,
688 4918 837 4973 seeundum
889 4915 922 4970 Et
943 4914 965 4970 si
988 4915 1053 4984 quid
1075 4928 1122 4969 eas
1142 4927 1194 4967 ιιοιι
1218 4910 1382 4983 participat,
1409 4911 1461 4967 lunc
1488 4926 1541 4967 uon
1566 4910 1686 4966 intirmi·

44 5020 128 5061 snam
143 5007 295 5077 analogiam
308 5014 336 5063 ιι
349 5007 540 5065 deiformitatis
553 5008 840 5080 donatiouem,qone-
890 5006 954 5061 tatis
984 5015 1030 5059 unt
1054 5004 1195 5060 brevitatis
1229 5012 1272 5060 ιιι
1306 5002 1503 5059 illuminativae
1533 5003 1594 5075 eius
1627 5003 1686 5059 dis·

45 5098 204 5170 quevivtus
217 5100 400 5171 participare,
422 5110 449 5156 ιι
463 5116 641 5173 quaeeunque
654 5102 737 5157 aliana
763 5103 841 5159 nobis
890 5095 1055 5161 tributionis,
1075 5096 1121 5150 scal
1145 5110 1193 5164 per
1206 5094 1397 5164 assumptionis
1422 5092 1531 5151 luminis
1558 5094 1686 5164 inoppor-

45 5192 140 5257 innuis,
151 5194 493 5262 quaesuntdeanimabus,
506 5194 840 5251 eruturum-atasrtut.Scdct
893 5188 1035 5243 trinitatem
1058 5204 1111 5243 uuo
1130 5202 1304 5258 repansorum
1321 5187 1347 5242 in
1363 5183 1471 5244 lunri'nis
1497 5187 1683 5258 participatio-

47 5286 85 5342 de
101 5284 176 5354 ipsis,
186 5287 208 5340 ιι
220 5293 327 5358 oportet
339 5286 441 5353 dicere,
454 5283 684 5343 irrationabilibus
698 5285 841 5342 animabus
893 5294 965 5333 nem·
991 5279 1083 5347 ltaque
1098 5278 1181 5333 nullia
1196 5278 1235 5333 sic
1250 5278 1406 5334 habentium
1431 5277 1523 5334 ladius
1537 5276 1683 5342 transitum

48 5384 100 5432 aut
114 5377 287 5442 animalibus,
300 5394 477 5450 quaecamque
495 5379 559 5434 atita
580 5386 689 5440 secant,
709 5386 737 5432 et
755 5392 840 5448 quae·
894 5384 963 5440 quac
977 5378 1038 5438 posi
1052 5368 1107 5433 illu,
1122 5367 1266 5435 illttutittul,
1278 5378 1305 5424 ct
1322 5368 1441 5424 utibilest
1454 5366 1611 5434 visibilium,
1626 5382 1685 5438 quo

49 5483 161 5538 cunque
187 5469 214 5524 iu
245 5478 316 5524 terra
342 5470 521 5541 gradiuntur,
549 5475 577 5523 et
604 5480 782 5538 quaecunque
814 5468 841 5521 iu
895 5478 947 5519 non
961 5464 1107 5532 recipiatur
1121 5460 1266 5516 secundum
1291 5462 1413 5532 propriae
1438 5459 1569 5516 claritatis
1588 5474 1684 5530 super·

50 5571 156 5617 terram
175 5562 369 5627 extenduntur,
385 5571 415 5617 et
433 5562 459 5616 in
474 5560 552 5631 antris
566 5559 650 5615 vitam
670 5566 717 5633 ant
732 5559 759 5613 in
773 5556 842 5611 mavi
894 5553 1071 5609 excellentem
1086 5551 1306 5622 magnitudinem.
1320 5549 1373 5607 Sed
1387 5559 1415 5606 ιι
1435 5551 1469 5607 ad
1480 5549 1683 5622 generationem

50 5663 81 5710 ιι
107 5652 136 5708 ιιι
166 5660 239 5707 terra
265 5651 426 5720 sortientia,
453 5661 481 5707 ιι
499 5662 677 5720 quaecuuque
698 5648 748 5702 snb
771 5656 844 5701 terra
895 5644 1062 5701 sensibilium
1084 5658 1229 5716 corporum
1249 5642 1435 5712 committitur,
1459 5651 1487 5701 ct
1505 5640 1538 5699 atl
1552 5642 1682 5699 vitamea

691 5757 819 5818 VARIAE
834 5755 1035 5815 merlonus.

91 5860 139 5917 ‘ct
150 5874 205 5917 om.
220 5860 276 5917 all.

1403 5928 1571 5949 ...Mm-
