4167 6625
396 436 449 497 dte
1071 427 1212 490 tosdbts
1230 434 1329 493 scon
1388 485 1392 492 .
1932 441 1971 500 lib

397 555 450 606 rios
469 548 577 604 ndrlnoit
596 547 677 617 jurtn
690 544 724 598 nb
745 543 856 597 essentie
869 557 1052 612 egressionem.
1069 541 1184 598 Pnrndi·
1198 553 1223 609 Α
1236 546 1349 601 rendam
1361 562 1426 618 qous
1438 546 1494 616 ipro
1508 543 1725 617 superessentlolb
1736 545 1863 601 existentis
1875 549 1973 605 ommno

397 650 486 711 quinta
503 648 590 693 ostem
608 637 717 690 dicimus
735 649 790 686 esse
811 633 881 700 ipsos
900 632 927 686 in
941 632 993 686 Ileo
1017 634 1182 687 existentium
1235 636 1434 705 praedestinavit
1448 644 1472 689 et
1483 635 1604 689 oddnait.
1619 634 1652 689 Et
1664 632 1719 701 jam
1740 635 1748 664 ¹
1763 634 1822 688 bulo
1833 632 1894 688 libro
1903 637 1974 690 terrai·

397 729 593 796 substantificas
606 734 631 779 et
646 723 811 793 uniformiter
822 731 969 791 praetextos
981 722 1105 785 rationes,
1116 739 1182 792 qnos
1236 743 1286 781 nris
1297 736 1341 780 est
1361 726 1536 796 Imponendus
1550 735 1580 778 ut
1593 724 1719 778 arbitror.
1733 722 1803 778 bisc.
1823 722 1860 778 Itn
1868 720 1918 779 fist,
1933 723 1976 780 [χ.

397 820 527 890 tireotoqin
550 814 799 887 praedestinationes
814 822 886 868 noent
907 822 931 866 et
953 812 1057 866 divinos
1071 822 1095 865 et
1114 814 1184 882 opti·
1234 818 1311 890 plicis
1322 818 1391 875 tiber
1405 816 1540 874 secundus
1553 826 1618 873 pepp
1629 820 1757 871 symm,

396 927 454 964 raus
467 907 611 963 uoluntates
621 903 786 960 existentium
799 903 949 957 discretioos
963 912 987 956 et
1002 901 1122 969 sections,
1137 917 1180 955 re·

876 1085 1073 1166 INCIPIT
1102 1087 1249 1163 LIBER
1271 1084 1495 1166 TERTIUS
1508 1071 1533 1162 ¹.

432 1263 502 1320 Iino.
517 1264 546 1319 In
560 1263 678 1319 meando
690 1263 759 1319 libro
777 1271 832 1317 tota
846 1260 903 1316 iere
917 1270 1024 1317 nostrae
1038 1259 1184 1315 ratiocinn·
1234 1269 1312 1315 tarrae
1326 1258 1550 1323 consideratione,
1562 1258 1614 1312 boc
1626 1265 1677 1322 est,
1689 1255 1723 1312 de
1733 1270 1766 1312 ea
1778 1263 1853 1325 parte
1862 1264 1981 1322 omnisne,

397 1360 479 1413 tionis
493 1357 607 1413 intentio
619 1366 662 1412 est
681 1357 826 1411 constituta
846 1355 1010 1410 desecanda
1025 1353 1185 1409 ursiversalis
1233 1364 1303 1418 quae
1317 1357 1425 1404 creatur
1434 1358 1461 1403 et
1469 1364 1521 1402 nnn
1535 1355 1618 1412 creat,
1632 1346 1759 1417 quiequid
1771 1346 1846 1400 nobis
1856 1346 1880 1400 in
1889 1349 1982 1403 menten

397 1461 511 1505 tracturae
522 1449 748 1510 considerabone,
762 1455 800 1510 et,
819 1456 848 1499 ιιι
867 1447 904 1500 ita
918 1446 1015 1506 dicam,
1029 1446 1116 1501 lorma
1127 1445 1185 1501 siue
1234 1438 1279 1493 lttx
1293 1449 1401 1494 actcrna
1409 1439 1576 1509 patefecerit,
1591 1439 1656 1492 teni.
1669 1438 1743 1493 bose.
1760 1436 1818 1493 Non
1832 1437 1982 1509 aliterdispu·

400 1542 499 1610 speeie,
516 1553 693 1610 quaecunque
720 1536 875 1592 verisimilia
890 1535 968 1590 nobIs
986 1535 1041 1589 risa
1063 1543 1135 1598 sunt,
1156 1542 1184 1588 et
1235 1531 1308 1584 tandi
1329 1531 1399 1584 siam
1424 1529 1527 1600 Ingredi
1550 1537 1673 1599 oportet,
1694 1538 1725 1583 nt
1753 1529 1874 1584 aestimo.
1896 1528 1984 1584 Ilsmsi

396 1634 430 1686 nd
446 1632 587 1700 liquidum,
601 1638 630 1683 nt
643 1628 769 1692 arbitror,
784 1627 908 1692 deducta,
924 1641 1058 1694 veraeque
1072 1624 1185 1680 rationis
1235 1620 1338 1690 prirnus
1351 1620 1420 1675 llber
1431 1618 1465 1675 de
1478 1628 1575 1675 natura
1587 1620 1609 1651 ¹⁸
1622 1628 1718 1675 cuncta
1732 1625 1875 1673 creontect
1885 1634 1898 1670 a
1908 1617 1986 1671 nulb¹⁸

397 1720 618 1776 conclusionibus
635 1721 794 1774 inconcusse
807 1718 921 1776 nrurrita,
937 1716 1023 1771 literis
1042 1716 1182 1770 amandare.
1233 1721 1338 1776 creata,
1356 1712 1443 1780 deque
1454 1711 1511 1766 solo
1525 1711 1581 1767 Deo
1596 1711 1743 1773 intellecta,
1758 1710 1889 1765 socundus
1902 1710 1987 1763 rende

399 1809 567 1864 llinisersalb
579 1817 669 1862 antem
684 1815 797 1862 naturae
809 1806 926 1859 secunda
937 1803 1182 1859 ‘consideratioest
1234 1817 1276 1866 ea,
1297 1815 1367 1870 quae
1380 1810 1407 1855 et
1422 1812 1530 1856 creatur
1540 1809 1568 1857 et
1582 1811 1667 1866 creat,
1681 1810 1710 1855 et
1724 1800 1752 1854 in
1766 1798 1911 1869 primordiis
1920 1811 1987 1851 naen

398 1902 424 1953 in
446 1914 477 1953 oa
499 1898 583 1968 ipsius
600 1905 687 1966 parte,
702 1911 773 1965 quae
786 1902 814 1952 et
833 1902 944 1950 crentur
958 1902 986 1950 ot
1006 1901 1092 1956 creat,
1106 1900 1135 1948 et
1153 1892 1182 1947 in
1197 1863 1416 1964 ¹1¹cognoscitur,
1435 1887 1586 1950 rationabili
1610 1902 1709 1949 tractat
1729 1892 1912 1964 progressione
1924 1905 1931 1944 :
1942 1906 1989 1944 nan

396 2003 449 2056 qim
464 2003 553 2042 rerum
568 1987 687 2042 omnium
701 1984 843 2056 prIncipio,
854 1983 978 2061 Qu,
996 1980 1184 2051 primordiales
1233 1998 1348 2053 sequens
1365 1983 1388 2016 ¹⁸
1401 1992 1454 2051 est,
1475 1992 1506 2039 ut
1521 1993 1550 2039 et
1564 1985 1660 2039 tertius
1677 1984 1709 2038 de
1722 1983 1814 2047 tertia,
1827 1996 1893 2050 quse
1908 1989 1991 2035 creetur

396 2091 505 2140 caussae,
521 2091 578 2140 seu,
592 2083 624 2130 ut
641 2088 721 2143 saepo
738 2072 839 2128 dictum
858 2079 910 2136 est,
925 2071 1185 2141 praedestinationes
1233 2080 1261 2126 et
1279 2087 1331 2125 non
1347 2081 1435 2136 creat,
1457 2072 1658 2128 constitutionls
1677 2088 1743 2128 suae
1766 2072 1904 2127 materiam
1922 2070 1989 2125 susd-

396 2181 488 2221 remnt
501 2166 690 2229 creandarum,
703 2179 750 2219 seu
762 2164 869 2218 divinae
881 2162 1044 2226 noluntates,
1057 2170 1086 2216 et
1101 2163 1185 2217 ‘sum
1233 2160 1308 2232 piati
1322 2161 1375 2217 Sed
1397 2162 1555 2232 priusquam
1576 2163 1609 2217 ad
1629 2162 1800 2217 enodandam
1819 2161 1888 2218 banc
1906 2167 1993 2212 natum

395 2256 622 2311 ctorumPatrmn
637 2255 834 2317 auctorisasset
848 2253 905 2323 ipsa
915 2262 988 2308 reeta
1001 2253 1107 2307 ratione
1120 2266 1185 2306 eon·
1234 2258 1337 2319 partem
1360 2259 1539 2316 transeamus,
1559 2267 1639 2308 nosse
1657 2251 1750 2318 velim,
1766 2266 1819 2321 qua
1840 2251 1936 2304 ratione
1949 2262 1992 2302 ean

396 2344 466 2400 solta
487 2345 588 2399 veritas
606 2343 701 2399 edocet
722 2356 783 2397 esse
804 2341 1009 2397 consideranda.
1031 2339 1083 2395 Ubi
1102 2340 1183 2395 otiam
1233 2349 1370 2405 naturam,
1387 2356 1456 2413 qnae
1478 2342 1511 2397 ab
1532 2343 1653 2398 omnium
1670 2350 1830 2396 naturarum
1849 2340 1995 2394 universitate

395 2433 477 2502 ipsa·
496 2431 683 2500 disputationis
697 2431 845 2485 necessitas
858 2429 992 2500 erigebat,
1006 2431 1138 2499 quaedam
1151 2431 1184 2484 do
1233 2431 1480 2499 perexcellentium
1503 2433 1545 2487 sui
1570 2442 1653 2503 atque
1676 2432 1839 2486 Infinitatem
1858 2436 1995 2488 remoretur,

398 2523 581 2577 incidentibus
607 2521 809 2589 quaestionibus
835 2520 990 2589 principalis
1016 2521 1184 2589 qrracstInnis
1234 2520 1315 2573 veluti
1340 2521 1454 2590 palmam
1475 2529 1580 2590 partem
1602 2520 1686 2591 ipsius
1708 2519 1894 2574 universitatis
1915 2530 1995 2587 ponere

399 2611 559 2665 revelandae
572 2609 658 2679 gratia
673 2608 853 2662 introducere.
869 2607 944 2662 b'utta
959 2608 1091 2677 siqnidem
1109 2610 1183 2677 prin·
1233 2609 1352 2664 voluisti.
1387 2609 1555 2665 Uiriuersitas
1578 2610 1711 2678 siqnidem
1737 2608 1886 2663 formarum
1910 2619 1997 2661 sermm

398 2699 493 2767 cipalis
505 2698 629 2768 quaestio
646 2708 697 2759 est,
716 2709 746 2752 ut
762 2698 866 2767 opinor,
881 2714 951 2768 quae
965 2713 1017 2753 non
1035 2697 1185 2754 incidentes
1233 2701 1404 2771 partiumque
1419 2701 1539 2756 nrrmerIs
1552 2701 1688 2769 impletur,
1704 2715 1737 2754 ac
1757 2715 1808 2770 per
1825 2699 1877 2753 boe
1889 2697 1914 2751 ln
1928 2695 1997 2750 inini-

397 2786 581 2855 quaestIones,
596 2787 659 2839 dum
679 2785 799 2854 diligenti
819 2786 917 2841 inentis
935 2787 1056 2841 contuitu
1074 2786 1184 2840 inuesti-
1236 2796 1290 2841 terna
1314 2805 1366 2842 non
1393 2789 1583 2857 prepeditum
1609 2788 1666 2842 stris
1688 2788 1761 2842 enirn
1786 2786 1886 2843 bulbus
1913 2799 1996 2838 sursum

396 2885 487 2943 gatar,
502 2877 623 2946 recipiat.
646 2876 762 2930 Enodari
778 2877 849 2930 enim
864 2876 942 2932 aliter
957 2876 1120 2945 impossibile
1131 2884 1182 2941 est,
1234 2893 1330 2934 versus
1348 2887 1429 2948 atique
1447 2879 1573 2933 deorsum
1597 2878 1767 2933 terminator.
1787 2877 1829 2931 db
1850 2875 1997 2931 Intellectuali

396 2967 904 3038 praesertimcumnecessariurnnique
916 2967 1184 3031 ‘isteritabiieilerob
1234 2967 1366 3038 siquidem
1381 2975 1516 3032 creatura,
1531 2980 1599 3035 quae
1615 2967 1641 3021 in
1657 2966 1759 3037 angebs
1771 2975 1816 3021 est
1829 2964 1999 3027 constituturi

398 3060 462 3112 ‹ltrrn
478 3060 512 3113 de
528 3058 667 3127 principiis
682 3073 771 3113 rerum
790 3058 1001 3127 disputabamus.
1018 3059 1070 3113 hoc
1082 3065 1135 3120 cst,
1151 3056 1185 3112 do
1235 3067 1265 3111 ut
1278 3056 1357 3112 altius
1370 3057 1557 3121 ascendamus,
1572 3055 1818 3125 aprimordialibus
1832 3055 1927 3120 causis,
1936 3066 1998 3122 sopra

397 3148 617 3217 primordialibus
630 3148 730 3211 causis,
743 3148 776 3201 de
787 3163 841 3202 uno
853 3150 934 3203 etiarn
947 3149 1068 3203 omnium
1083 3147 1183 3215 princi·
1197 3182 1221 3246 C
1235 3164 1302 3218 quas
1322 3162 1385 3202 vera
1408 3147 1478 3203 ratio
1498 3147 1535 3202 nil
1555 3148 1679 3217 superius
1698 3160 1809 3216 praeter
1831 3147 1914 3202 solum
1933 3144 1998 3198 ῡιιιιι

398 3237 453 3305 pio,
471 3236 527 3290 Deo
540 3236 675 3298 uidelicet,
690 3237 736 3304 qni
753 3236 826 3292 solus
839 3248 881 3292 est
896 3239 951 3293 sola
966 3253 998 3292 ac
1012 3238 1099 3306 prima
1117 3252 1183 3292 cau·
1236 3240 1355 3308 reperit,
1376 3238 1527 3303 incbonus,
1551 3253 1600 3309 per
1626 3235 1765 3292 naturales
1788 3237 1897 3292 ordInes
1920 3233 1998 3289 intelli

397 3339 489 3380 sanim
512 3326 632 3382 omnium
654 3340 751 3389 eausa,
770 3334 799 3380 et
818 3327 1016 3394 supercausalis
1036 3342 1135 3391 causa,
1156 3335 1184 3382 et
1235 3329 1355 3400 gibilium
1380 3329 1592 3400 caelestiumque
1615 3328 1795 3384 essentiarum
1821 3336 1849 3382 et
1877 3325 1999 3381 visibilium

397 3413 634 3482 superessentialis
651 3413 766 3475 bonitas,
781 3411 858 3480 cujus
875 3413 1080 3482 partIcipatione
1093 3415 1183 3468 omitia

396 3502 576 3574 perscipiens
585 3517 679 3555 onmes
689 3502 911 3555 catrsaeomnium
922 3517 1010 3556 rerum
1022 3502 1184 3568 subsistant,

398 3593 537 3662 speeiem
548 3592 650 3645 nullum
663 3592 813 3661 parbprat,
830 3594 891 3660 quia
908 3593 980 3649 omni
996 3594 1127 3663 principio
1139 3609 1184 3648 su-

399 3680 500 3749 periori
521 3696 550 3735 so
569 3681 610 3734 sel
628 3695 719 3734 sertim
737 3681 877 3747 existenti,
902 3696 955 3736 non
975 3682 1091 3736 tamen'
1110 3696 1185 3737 coes-

399 3769 507 3824 sentiali
520 3768 584 3831 sibi,
596 3770 706 3822 animno
722 3777 808 3833 caret,
823 3771 893 3839 qnod
906 3770 999 3823 animo
1010 3771 1181 3836 occurrebat,

399 3859 482 3915 inseri
504 3860 526 3912 ⁸.
543 3858 610 3925 Quis
620 3858 692 3912 enlm
706 3858 740 3913 de
757 3860 856 3914 creatis
867 3859 957 3914 causis
971 3868 1045 3914 recte
1058 3860 1122 3928 quid
1140 3860 1182 3913 di·

400 3959 455 4013 cet,
467 3948 519 4003 nisi
534 3948 609 4018 prius
620 3947 728 4003 unicam
745 3949 865 4003 omnium
878 3962 989 4003 causam
1004 3963 1053 4018 per
1068 3964 1098 4003 se
1119 3950 1184 4004 snb·

400 4037 552 4101 sistentem,
570 4048 598 4091 et
618 4053 634 4090 a
652 4037 724 4092 nulla
739 4038 909 4107 praecedenti
931 4052 961 4093 se
980 4048 1099 4093 creatam
1116 4052 1184 4109 pure

397 4124 555 4193 perspiciat,
572 4124 599 4178 in
611 4133 741 4194 qrrantum
749 4126 782 4180 de
794 4124 921 4180 Inoiiabili
936 4125 1015 4180 datm
1026 4126 1087 4189 lari,
1098 4127 1185 4194 deque

399 4214 665 4287 incomprebensibili
683 4215 891 4285 comprehendi,
912 4217 945 4272 de
963 4227 1108 4286 superante
1123 4233 1183 4272 ons·

398 4319 462 4362 uem
481 4306 645 4363 intellectum
660 4306 789 4377 intelllgi?
806 4306 872 4362 Com
892 4308 934 4362 bis
954 4308 1038 4362 etiam
1051 4308 1183 4379 quaedam

1235 3419 1362 3473 reundum
1384 3419 1465 3473 istum
1480 3418 1712 3482 constituentium,
1729 3416 1860 3486 usquead
1873 3423 2000 3469 extreman

1236 3507 1319 3562 totius
1337 3515 1478 3562 creaturae
1490 3507 1623 3571 ordinem,
1638 3506 1684 3576 qui
1699 3506 1861 3575 corporibus
1870 3516 2000 3573 corporum

1233 3611 1287 3666 que
1308 3597 1482 3651 Incrementis
1502 3611 1534 3651 ac
1556 3595 1759 3652 detrImentis¹‘
1781 3593 1914 3664 impletur,
1936 3589 2001 3644 rsriir

1234 3700 1341 3755 quoque
1352 3684 1554 3741 decessionibus
1567 3693 1595 3739 et
1605 3685 1826 3740 successionibus
1838 3685 1859 3715 '⁷
1870 3680 2000 3753 perorabo·

1235 3776 1348 3830 beorum
1362 3775 1557 3831 elementorum
1578 3776 1605 3829 in
1619 3776 1727 3846 propria
1747 3776 1862 3839 coitum,
1877 3784 2002 3840 eorumque

1234 3867 1330 3921 lterum
1339 3868 1361 3899 ¹⁸
1371 3868 1397 3922 in
1405 3868 1536 3923 catholiea
1544 3866 1705 3921 solutionem
1716 3866 1867 3935 peragitur,
1876 3862 2000 3919 descondit.

1232 3954 1355 4011 CreatrIn
1364 3970 1429 4011 nero
1441 3955 1462 3989 ¹·
1473 3955 1555 4010 totius
1570 3955 1754 4011 urrisemitatis
1776 3963 1882 4017 natrrra,
1896 3952 2001 4024 quonian

1235 4047 1338 4102 inllnita
1353 4055 1405 4111 est,
1423 4045 1504 4102 nullis
1520 4046 1620 4101 bnibus
1640 4060 1747 4100 sirmam
1762 4045 1805 4099 sel
1820 4044 1938 4099 deorsum
1950 4055 2001 4095 eon-

1236 4135 1372 4200 cluditur;
1392 4135 1450 4206 lpse
1467 4134 1600 4205 siquidem
1626 4135 1711 4188 ambit
1733 4134 1842 4198 omitia,
1860 4141 1887 4187 et
1908 4147 1923 4185 a
1942 4126 2001 4184 nollo

1233 4225 1361 4279 ambitur.
1384 4224 1439 4281 Nec
1470 4226 1585 4290 mirum,
1608 4224 1747 4294 dumlnec
1770 4239 1786 4277 a
1810 4223 1897 4292 selpsa
1919 4214 1999 4272 ambiri

1234 4316 1375 4383 sinitur¹⁸,
1386 4317 1448 4385 quia
1473 4314 1661 4369 universaliter
1678 4314 1765 4369 nescit
1782 4311 1895 4377 ambiri;
1922 4319 1998 4376 qoem

398 4394 434 4451 do
449 4395 535 4450 reditu
550 4410 640 4451 rerum
651 4396 819 4451 mutabilium
830 4405 913 4466 atque
924 4406 1124 4469 segregatamm
1136 4413 1184 4467 per
1235 4406 1377 4461 admodum
1404 4402 1591 4459 untromlitee
1616 4417 1631 4455 a
1654 4400 1752 4468 seipsa,
1766 4411 1870 4470 quanto
1887 4395 1962 4465 magde
1973 4391 2000 4445 ab

400 4484 522 4542 diversas
537 4496 652 4541 naturae
668 4486 814 4542 divisiones
827 4497 855 4542 ct
874 4498 975 4557 partes,
988 4488 1087 4556 quibus
1104 4505 1182 4543 mun·
1197 4529 1223 4589 ὓ
1238 4492 1513 4562 alin,comprelrendi,
1524 4506 1571 4545 seu
1585 4489 1612 4544 in
1625 4476 2000 4558 aliquodellnitovoldednibili

398 4576 450 4631 dus
470 4575 723 4646 isto’perbcitur‚
744 4578 840 4631 iterum
861 4577 888 4630 in
910 4577 1040 4645 principia
1066 4593 1130 4640 sun,
1149 4590 1184 4631 ex
1237 4580 1479 4653 supernaturaliter
1508 4578 1603 4649 elingit
1631 4577 1754 4645 Intelligi.
1780 4575 1837 4631 Nisi
1867 4573 1929 4628 torte
1953 4565 2000 4637 quia

398 4668 498 4738 ‹quibrrs
513 4674 669 4739 procedunt,
689 4679 717 4724 et
734 4670 761 4724 In
780 4671 878 4740 quibus
897 4670 1102 4727 irremotabditer
1119 4651 1206 4726 sub⁰
1237 4673 1327 4736 dicat,
1342 4672 1368 4726 in
1390 4671 1440 4725 boe
1459 4668 1517 4724 solo
1534 4683 1564 4724 se
1582 4668 1681 4731 ambit,
1696 4668 1760 4722 dum
1787 4681 1818 4721 se
1837 4665 1905 4733 sapit
1921 4655 1999 4715 ambiri

399 4756 510 4818 sistunt,
528 4757 591 4811 dnm
606 4757 668 4812 finds
682 4759 801 4813 omnium
814 4760 927 4820 venerit.
942 4775 1101 4831 eorumque,
1115 4775 1185 4829 quae

401 4845 429 4898 in
444 4854 518 4896 motu
534 4854 608 4908 sunt,
621 4854 709 4899 status
721 4849 893 4917 apparuerit,
913 4858 973 4917 post
986 4849 1007 4881 ¹⁰
1017 4864 1098 4919 quem
1118 4849 1183 4903 nibil

400 4931 570 4996 rnorebitur,
596 4934 714 4987 breviter
737 4934 945 5004 praelibammus
961 4939 991 4991 ¹¹.
1020 4939 1069 4993 llis
1095 4938 1185 5007 itaque

400 5023 526 5091 allisque,
542 5032 572 5076 ut
586 5022 713 5085 diximus,
728 5025 837 5078 secundi
850 5028 982 5081 sermonis
994 5028 1062 5081 ordo
1075 5030 1184 5082 texitur.

401 5112 503 5168 Ileiude
515 5112 706 5182 consequentia
724 5114 923 5179 quaestionum,
944 5117 970 5169 ni
986 5115 1074 5180 fallor,
1092 5118 1186 5187 celgit,

401 5202 511 5260 tertium
528 5202 636 5269 librum,
647 5203 703 5258 Deo
718 5204 797 5268 duee,
810 5203 845 5259 tle
861 5204 940 5259 tertia
959 5205 1119 5261 uninorsatts
1137 5221 1185 5261 na·

1240 4777 1293 4816 non
1307 4775 1402 4830 posso;
1419 4759 1446 4814 ia
1468 4760 1520 4814 boe
1541 4773 1571 4812 se
1590 4754 1805 4824 comprehendit,
1824 4754 1885 4807 dum
1904 4765 1931 4804 se
1946 4744 2000 4814 stell

1237 4850 1506 4923 comprehensibilem
1519 4851 1541 4882 ¹¹
1555 4864 1608 4904 non
1621 4864 1696 4913 esse;
1722 4848 1749 4902 In
1769 4848 1819 4902 lroe
1839 4861 1868 4900 se
1888 4838 1998 4905 intelligit·

1238 4945 1301 4997 dum
1315 4943 1396 5012 sopit,
1416 4944 1442 4997 ln
1458 4942 1512 4995 ullo
1527 4956 1556 4996 se
1569 4940 1680 5011 InteIIIgi
1696 4936 1860 5008 impossibile
1873 4950 1938 4996 esse,
1949 4928 1998 4999 oth

1239 5048 1320 5089 omne
1334 5034 1404 5102 quod
1418 5041 1470 5097 est,
1484 5042 1512 5086 et
1525 5040 1613 5102 potest
1630 5045 1701 5093 esse,
1719 5037 1839 5098 superat.
1861 5026 1893 5080 Iit
1905 5036 1958 5078 crim
1970 5027 1998 5071 tta

1239 5121 1286 5187 sit,
1300 5121 1441 5191 ntrllusqne
1461 5130 1534 5176 recte
1553 5119 1799 5190 philosophantium
1818 5117 1861 5171 bis
1873 5109 1998 5169 redonibus

1240 5220 1342 5265 seniore
1358 5211 1476 5278 resistat,
1490 5227 1541 5267 cur
1557 5211 1628 5266 intra
1642 5209 1828 5267 universitatis
1840 5206 1970 5264 dirisioort
1984 5212 1997 5250 ι

1037 5338 1161 5395 stabant:
1180 5341 1378 5399 sectiones.

434 5473 442 5503 ¹
469 5471 491 5528 C
519 5472 586 5526 Item
608 5472 681 5527 braic.
730 5470 898 5525 ’Clitteris
920 5470 1039 5525 miniatis
1070 5489 1078 5525 ι
1111 5471 1207 5542 Incipit
1236 5475 1328 5530 tertius
1358 5475 1422 5529 libor
1446 5481 1506 5551 impl
1528 5485 1636 5549 φυσιῶι.
1669 5476 1880 5550 amentatum
1909 5458 1994 5541 secundi

398 5538 470 5593 libri.
509 5542 708 5597 'descrendos
746 5540 797 5593 ‘b
823 5541 939 5594 sicotct.
978 5541 1180 5609 *spinense

1218 5543 1263 5596 ‘tl
1291 5554 1325 5596 et.
1361 5545 1441 5598 'Ilm
1468 5565 1519 5601 rrorr
1546 5545 1667 5601 trrrrtrnC
1694 5557 1718 5599 et
1745 5564 1806 5599 rrorr.
1842 5544 1884 5594 ‘tl
1911 5536 1994 5600 inient.

398 5608 442 5662 ’b
467 5611 516 5663 iste
539 5613 661 5667 mandris.
701 5612 722 5643 ¹⁰
747 5608 769 5663 Α
790 5625 845 5677 per.
884 5610 937 5661 ”A
957 5609 1148 5676 perlibonbnns.
1188 5613 1522 5675 ”Sicl33binmentrns
1561 5615 1828 5713 '’bulcemnatnrq.
1865 5601 1993 5660 ttpnsllo.

400 5678 451 5729 ”b
469 5696 536 5732 norro
550 5697 716 5750 consequens.
744 5678 1045 5746 '‘Adrtrinrentisquo.
1074 5682 1131 5735 ”rt
1149 5681 1352 5737 successionibus
1378 5698 1433 5739 ont.
1458 5684 1492 5739 Α.
1524 5685 1546 5717 ¹⁸
1561 5684 1765 5739 iteratorumd.

399 5743 461 5798 ”A
484 5765 534 5802 rron
554 5751 661 5804 sinitur,
697 5750 754 5803 ”A
777 5748 1012 5818 comperirensilr'le.

1796 5685 1803 5715 ¹
1842 5696 1898 5735 erro
1910 5688 1955 5731 ont.
1968 5670 1993 5722 d·
