4167 6625
40 508 115 566 mi
772 536 775 542 ·
799 506 946 569 VERSUS.
991 559 993 564 .
1616 517 1685 574 lm

39 623 134 680 alium
148 634 216 680 vero
230 619 350 680 medium
363 627 392 682 et
405 629 499 683 nostro
509 623 672 697 medentem
687 622 801 682 arbitrio
815 631 844 682 et
855 626 883 692 Α
894 620 1018 702 fortassis
1032 619 1101 682 lueri
1124 622 1187 691 erit,
1201 623 1237 681 ad
1252 623 1358 696 seipsos
1375 635 1462 695 seque
1475 623 1701 702 ratiocinantes„

39 723 145 782 meto,
158 719 187 769 et
200 726 251 785 per
269 713 389 787 seipsum
410 713 541 772 extremis
559 714 671 788 proprie
689 714 742 772 dici
762 727 842 786 prae·
894 710 1038 779 dioebsnt,
1063 725 1118 767 noo
1142 724 1159 766 a
1182 711 1272 783 seipso
1294 712 1421 768 existenti
1455 715 1558 782 causali
1583 717 1617 786 ad
1641 732 1686 774 se⁴

38 810 187 869 stantem,
202 809 232 860 et
244 816 277 860 eo
288 802 401 862 absente
414 803 526 862 abusive
539 803 580 861 eis
593 804 676 883 etiam
697 804 841 877 appellatio
893 799 992 870 iesum,
1013 808 1063 857 aut
1080 798 1154 856 1111111
1172 799 1238 869 quid
1247 809 1356 872 praeter
1375 799 1460 857 boum
1478 812 1562 871 moto,
1576 805 1685 875 quaudo

38 892 236 961 eonstituitur,
249 892 314 949 illud
328 893 397 950 berte
411 908 465 950 nou
475 893 637 952 habentibus
652 893 840 964 eonjuoetum,
893 891 922 947 iu
937 890 1071 960 sationem
1088 890 1174 963 ipsius
1186 906 1248 947 esse
1262 891 1330 948 nibil
1348 892 1459 949 sibimet
1480 909 1497 948 a
1515 895 1622 966 seipso,
1638 906 1687 961 aut

39 997 103 1041 noo
120 983 255 1055 aliterque
267 998 348 1057 posse
361 985 457 1043 adesse
469 987 510 1042 eis
523 994 552 1042 et
565 986 714 1055 eustodir15
728 1002 798 1059 quae
812 987 840 1043 in
893 982 928 1038 ab
940 981 993 1038 alio
1005 983 1124 1053 quodam
1138 990 1247 1052 praeter
1258 983 1343 1039 ileum
1355 984 1497 1056 acquirere
1508 987 1617 1064 poterit.
1632 985 1686 1058 bles

37 1076 181 1132 extremis
192 1084 252 1144 est,
265 1077 427 1144 ueritatem,
446 1091 529 1149 quam
548 1075 639 1135 iacere
657 1077 799 1135 consuerit
812 1077 840 1135 id
894 1074 946 1132 boe
960 1075 1081 1130 animum
1094 1073 1205 1145 quidem
1220 1073 1294 1142 eirea
1312 1073 1399 1130 sulum
1421 1071 1506 1132 Deum
1525 1084 1552 1133 et
1569 1077 1686 1135 uirtutes

36 1167 122 1244 quod
133 1175 178 1224 est
189 1168 258 1224 bene
271 1181 332 1225 esse
344 1180 393 1238 per
404 1167 522 1224 medium
535 1169 665 1225 extremis
677 1170 838 1234 admistum,
892 1163 952 1233 eius
973 1163 1101 1240 intelligi,
1124 1170 1152 1219 et
1171 1161 1299 1219 ineffabili
1317 1161 1419 1234 gloriae
1432 1163 1607 1221 beatitudinis
1625 1163 1685 1243 rpus

36 1272 130 1328 quam
148 1271 182 1324 es
198 1256 257 1327 ipso
271 1257 405 1314 ad'beum
416 1244 528 1328 'semper
540 1267 614 1315 motu
629 1257 837 1323 intellexerunt,
892 1255 1001 1324 addici,
1026 1241 1161 1311 rationem
1186 1269 1253 1312 tero
1275 1255 1452 1326 interpretem
1475 1255 1684 1327 intelligibilium

35 1352 68 1402 et
84 1345 219 1417 deineeps
243 1346 360 1402 naturali
383 1347 490 1404 ratione
512 1347 577 1404 bine
598 1347 839 1419 contemplativum
892 1348 1013 1413 lieri..et
1025 1345 1217 1414 laudatricem,
1234 1355 1263 1403 et
1278 1346 1312 1402 ad
1327 1362 1359 1404 ea
1373 1347 1488 1404 uuilleos
1501 1357 1575 1404 reete
1593 1348 1685 1422 dispu-

36 1431 157 1490 snimae
169 1434 361 1502 extendentes,
377 1442 406 1492 et
421 1437 501 1492 modo
515 1436 631 1507 quodam
645 1452 699 1493 nou
713 1446 838 1508 oportere
892 1447 952 1496 tare
963 1439 1077 1505 modos.
1092 1454 1205 1496 sensum
1220 1453 1287 1497 reso
1300 1454 1351 1511 per
1364 1441 1499 1497 ratiortern
1512 1442 1683 1498 nobilitatum

35 1524 265 1581 conversibiliter
278 1525 316 1581 uti
331 1526 499 1583 naturalibus
511 1527 713 1598 operationibus
727 1535 838 1600 prepter
891 1528 965 1600 ipsas
979 1528 1007 1594 io
1020 1528 1149 1584 universo
1161 1527 1318 1585 differentes
1330 1530 1445 1586 uirtutes
1465 1539 1493 1597 et
1510 1530 1685 1602 operationes

35 1626 220 1689 superantem
247 1619 402 1676 0000101010
427 1620 654 1691 eorreptionem,
678 1635 712 1677 eo
735 1621 835 1689 modo,
890 1616 1086 1689 imaginantem
1104 1616 1203 1683 iubis,
1218 1625 1384 1687 quaesunt,
1400 1630 1531 1689 quantum
1544 1619 1687 1689 possibile·

35 1701 90 1777 qul
114 1714 160 1764 est
181 1720 231 1778 per·
252 1707 411 1764 abusionem
430 1709 600 1766 naturalibus
616 1710 762 1780 potentiis,
777 1711 836 1782 ipsa
890 1717 933 1765 est
946 1708 1054 1765 animae
1072 1708 1241 1766 annunciare
1260 1708 1382 1765 meones
1397 1710 1526 1768 docentes
1540 1722 1570 1775 ⁸,
1587 1717 1615 1765 ot
1635 1724 1685 1782 per

35 1809 97 1851 non
117 1803 213 1852 utente
230 1797 337 1855 ratione
356 1805 451 1869 aperte
471 1799 631 1866 audientes,
645 1814 680 1857 ee
695 1799 775 1870 plane
787 1815 836 1871 per
890 1797 1011 1852 animum
1024 1803 1053 1853 et
1065 1796 1202 1856 rationem
1215 1794 1299 1853 veluti
1313 1796 1404 1852 navim
1415 1796 1554 1867 sapienter
1566 1797 1686 1852 animant

34 1885 188 1942 1100001000
200 1895 314 1943 naturae
328 1887 461 1944 rationem
475 1887 510 1944 ad
531 1888 616 1958 ipsius
638 1903 748 1946 cansam
768 1888 834 1945 terri
890 1887 1083 1958 gubernantes.
1097 1886 1229 1943 lubricam
1244 1886 1316 1945 bano
1328 1894 1356 1944 et
1370 1887 1524 1944 instabilem
1535 1897 1563 1944 et
1572 1889 1599 1943 in
1612 1886 1686 1943 aliud

31 1972 212 2041 diuiserunt,
229 1981 275 2041 ut,
288 1975 360 2031 unde
371 1974 531 2046 simpliciter
542 1977 583 2034 eis
598 1985 641 2035 est
652 1991 713 2035 esse
730 1986 759 2035 et
771 1991 836 2034 rere
850 1975 965 2041 Baliter
989 1977 1125 2036 ferentem
1148 1984 1177 2036 et
1207 1991 1318 2050 sensum
1342 1977 1490 2050 agitantem
1514 1979 1585 2034 uitae
1610 1977 1683 2034 riam

31 2076 126 2133 esse,
151 2065 314 2138 quandoque
338 2065 474 2138 adjectum
499 2068 645 2139 accipiant.
671 2069 742 2138 Quid
766 2069 863 2140 enim,
893 2067 974 2132 sieois
987 2068 1208 2154 pertransierunt
1219 2065 1354 2137 vestigiis.

135 2217 140 2222 .
730 2219 733 2226 ,
799 2177 925 2235 uotae.

73 2274 91 2304 ⁸
107 2261 218 2323 blebem
232 2265 337 2325 docent.
352 2264 457 2325 Graece
469 2267 625 2344 labiisque.
1031 2265 1036 2272 '

718 2991 905 3148 speri
918 3017 970 3128 o
994 3016 1013 3095 r

542 3169 661 3233 elesii
679 3169 870 3272 Villisbbbl
890 3168 1171 3234 rebellionum.

38 3336 189 3401 tensus
200 3331 367 3394 loannis
385 3320 677 3393 sarrunrrssr'ut
695 3332 744 3388 su
756 3324 933 3390 uenerunt
948 3312 1101 3387 emtus
1116 3302 1255 3389 110100
1276 3328 1479 3388 suuouurcr
1496 3331 1553 3391 err
1570 3332 1684 3399 sutus

561 3423 660 3482 ntus
677 3422 770 3480 eurr
786 3406 950 3480 elnotus
973 3420 1164 3479 uacuum.

34 3580 137 3639 Booti.
149 3586 293 3648 penetaste
303 3577 479 3632 labasse]
498 3577 539 3629 rol
561 3574 697 3628 rreum
717 3573 757 3627 elo
777 3571 1391 3648 101110001010011001.0116000100
1441 3583 1584 3643 oosuotsd
1606 3583 1678 3636 iidem

290 3643 381 3695 sudleie
393 3640 534 3693 christinae
546 3639 616 3699 11117,
628 3638 669 3689 101.
681 3588 763 3701 ebert,
777 3635 898 3726 eiusdem,
907 3646 1003 3699 opinor,
1015 3647 1067 3699 qno
1093 3635 1142 3685 llas
1158 3636 1284 3699 utebatur,
1297 3591 1440 3702 reognrb'

425 3781 447 3837 p,
847 3781 871 3843 c
939 3775 1017 3834 Nune
1029 3775 1113 3848 igitur
1128 3774 1231 3833 Christi
1245 3777 1384 3835 rideamus
1400 3796 1507 3837 summa
1522 3791 1644 3856 tropaea,

285 3870 586 3940 pgggrpgomcifiw,
963 3864 1010 3923 vde
1021 3874 1133 3924 nostrae
1148 3867 1247 3924 mentis
1258 3868 1348 3923 sidera
1360 3871 1516 3943 perspicua.¹

78 3945 222 4029 Ἧρῖιῖςηιι
235 3965 376 4035 Troasque
386 3977 450 4019 suos
463 3968 588 4027 mutaret
600 3959 744 4029 iteneris,
937 3956 1009 4015 Eece
1020 3957 1111 4025 erucis
1128 3956 1233 4028 iignum
1248 3957 1411 4028 quadratum
1431 3963 1553 4021 continet
1573 3967 1679 4037 orbem,

130 4055 292 4115 Romuleam
305 4053 410 4126 prolem
421 4035 538 4106 duxerat
549 4049 607 4121 lpse
619 4047 703 4105 blano.
884 4048 921 4105 20
973 4049 1002 4107 ln
1013 4064 1068 4121 quo
1080 4049 1216 4121 pendebat
1227 4058 1323 4119 sponte
1335 4064 1384 4107 sua
1396 4050 1538 4125 11001000,

87 4154 127 4210 bt
140 4164 192 4208 nos
203 4148 370 4218 caeligenum
383 4143 455 4217 regis
466 4142 511 4215 pia
525 4140 596 4198 laeta
610 4155 750 4207 canamus,
936 4139 971 4196 tit
987 4138 1105 4207 Verbum
1123 4137 1215 4196 Patris
1228 4139 1368 4209 dignatum
1383 4156 1492 4199 sumere
1505 4136 1617 4203 earnem

129 4241 266 4301 emenus
277 4253 360 4297 cursa
371 4249 453 4309 quem
467 4234 543 4292 eanit
553 4231 628 4289 orbis
641 4247 736 4288 orans.
944 4292 946 4297 s
974 4228 1003 4286 lu
1016 4243 1071 4300 qua
1082 4243 1134 4300 pro
1145 4229 1223 4286 nobis
1234 4230 1322 4286 bestia
1335 4239 1412 4302 grata
1424 4231 1485 4303 iuis.

34 4337 54 4397 g
91 4333 153 4392 ntis
164 4329 260 4388 piam
270 4327 394 4385 flammas
405 4323 563 4394 subitaeque
574 4321 678 4388 ruinas,
935 4318 1033 4392 dspiee
1045 4310 1186 4377 milesias
1194 4320 1302 4392 palmas
1316 4322 1498 4397 humerosque
1510 4329 1657 4402 pedesque,

129 4421 327 4494 qam-opumque
340 4414 451 4493 μάχαι
464 4413 554 4470 (pm
566 4410 645 4468 ludus
660 4417 728 4469 erar.
975 4405 1120 4477 Spinarum
1132 4406 1223 4465 serto⁸
1234 4416 1355 4480 tempora
1367 4412 1457 4470 uincta
1468 4414 1537 4472 lero.

93 4513 147 4569 Ast
158 4508 237 4566 nobis
249 4506 387 4564 Christum
401 4502 508 4560 derieto
517 4496 639 4571 principe
652 4498 746 4555 muudi
884 4496 920 4555 25
938 4496 968 4553 ln
982 4497 1072 4555 medio
1085 4498 1181 4556 lateris
1196 4509 1321 4558 reserato
1334 4502 1411 4560 tonte
1422 4505 1519 4563 saluus
1587 4547 1592 4555 -

127 4600 267 4671 Sanguine
279 4596 418 4669 perfusum
430 4591 545 4666 psallere
561 4591 639 4648 dulce
654 4599 744 4648 sonat.
972 4592 1076 4653 vitales
1087 4593 1201 4651 ltaustus
1220 4596 1331 4668 sanguis
1345 4605 1373 4655 et
1385 4600 1458 4657 unda
1472 4599 1568 4667 fluunt.
1630 4634 1633 4643 ·

91 4693 155 4752 iliis
168 4690 319 4762 composito
330 4688 399 4745 laiso
409 4687 459 4743 sub
472 4685 590 4757 imagine
600 4685 658 4742 seri
939 4684 1018 4742 Uada
1031 4684 1104 4741 lavat
1117 4693 1204 4743 totum
1222 4687 1308 4745 reteri
1329 4691 1488 4767 peccamine
1503 4694 1642 4762 mundum,
1662 4710 1665 4715 ’

36 4787 76 4845 io
126 4779 367 4839 retrusionem
381 4777 507 4835 verrinus
520 4776 660 4833 areatas.
974 4773 1236 4855 singulariorum
1256 4791 1307 4835 nos
1321 4775 1462 4847 11111001
1480 4782 1556 4850 teos·

94 4872 179 4930 Nobis
197 4872 324 4929 uirtutem
339 4868 428 4924 Patris
442 4881 591 4938 ueramque
605 4866 727 4936 sophiam
938 4862 1020 4919 Binos
1031 4862 1101 4935 adde
1114 4879 1176 4921 reos
1188 4863 1336 4936 pandentes
1347 4867 1446 4935 arbore
1456 4869 1538 4939 bina;

128 4959 296 5033 nymnigare
309 4957 373 5015 lieet
384 4956 511 5014 laudibus
521 4954 639 5011 eximiis.
885 4952 921 5009 bb
971 4949 1026 5007 Par
1039 4950 1127 5007 luerat
1140 4953 1279 5023 meritum,
1294 4955 1383 5027 gratia
1400 4956 1494 5029 dispar
1505 4958 1568 5015 erit.

93 5051 249 5109 „mma
263 5057 372 5115 angus,
384 5046 462 5105 ludos
476 5053 641 5118 satyrasque
652 5045 779 5117 loquaces
937 5038 1084 5117 Unusoum
1098 5040 1207 5099 Christo
1220 5044 1339 5121 paradisi
1350 5044 1442 5103 limina
1456 5048 1536 5116 uidit,

130 5142 201 5215 Ipsis
211 5156 278 5198 usus
289 5148 349 5216 ⁰¹5³*
361 5136 490 5210 „paupere
500 5149 550 5208 W
559 5135 683 5208 9090105,
850 5121 873 5180 D
969 5130 1050 5207 lllter
1062 5130 1226 5203 sulphureae
1243 5148 1350 5192 mersus
1362 5135 1390 5193 in
1404 5136 1458 5195 ima
1474 5136 1593 5211 stygue
1667 5198 1671 5205 ,

32 5230 172 5305 15111010
193 5228 386 5301 prophetarum
404 5224 483 5282 nobis
505 5224 687 5281 modulamine
701 5224 817 5296 pulebro
937 5220 1053 5293 1111111111
1068 5221 1443 5285 1011111011111111111111100

132 5317 258 5376 11000001
271 5318 421 5389 procedunt
433 5314 570 5383 cordibus,
584 5329 644 5380 ore,
659 5315 720 5373 lide.
935 5311 938 5319 '
975 5315 1089 5374 lnsolito
1105 5332 1188 5375 eumn
1201 5319 1300 5378 sideris
1312 5323 1408 5380 umbra
1423 5323 1461 5380 lui

687 5423 817 5481 VARle
833 5424 1035 5497 escuelles.

90 5526 339 5596 suessamque.
386 5520 1017 5595 ’11001.1101.,·0011.οἰ101001010101011.
1065 5525 1162 5585 'cod
1189 5527 1352 5599 1100101001.
1402 5528 1507 5586 ‘Gom
1522 5526 1677 5597 Halmii.

33 5608 122 5660 sone.
152 5599 181 5632 '⁸
199 5594 266 5652 God.
280 5592 432 5667 legimsiel)
446 5592 534 5664 glossa
547 5591 727 5665 puisinferni.
823 5662 950 5722 NOTAE·
1575 5634 1577 5639 .

80 5776 95 5807 1
111 5761 190 5818 biber
207 5775 327 5817 uersuum
344 5759 517 5843 plurimorum
539 5759 698 5818 est'titulus
720 5760 843 5843 codicis„
886 5761 1000 5844 llaqnus
1023 5762 1119 5822 eadem
1142 5776 1240 5821 manus
1265 5761 1300 5819 ad
1326 5761 1477 5845 marginem
1503 5764 1617 5829 codicis,
1631 5764 1677 5822 sd·

42 5833 146 5895 vens
170 5831 285 5906 loannis
312 5830 496 5908 sapientissimi
524 5838 578 5888 eet.
612 5845 697 5903 usque
723 5829 849 5905 Carolus·
872 5837 1008 5909 serpsit.
1497 5842 1500 5847 ·
