4167 6625
234 419 238 422 -
304 377 360 439 998
934 400 937 404 ·
991 378 1135 444 toenitis
1153 377 1254 439 'ticoli
1523 383 1537 395 ”
1560 385 1570 394 ’“
1686 454 1690 460 Ι
1885 378 1964 439 996

247 533 253 544 .
305 492 515 551 credentibusln
526 489 796 564 nomineelusdtulti
806 490 1096 563 recipiunthristum.
1111 494 1136 558 Α
1149 489 1321 547 ascendentis
1335 489 1369 547 ad
1381 489 1503 560 Patrem,
1518 491 1626 564 quando
1642 488 1677 548 ab
1695 488 1798 565 angoht
1814 502 1967 559 assump-

304 585 400 642 triam
423 586 560 658 recipiunt
578 601 653 651 eum,
668 586 715 641 sed
731 599 786 640 non
806 584 920 640 credunt
941 584 968 639 in
988 584 1098 640 nomine
1150 593 1193 641 tus
1211 592 1254 641 est
1276 584 1304 642 in
1329 584 1445 644 caelum.
1466 585 1500 642 Bt
1518 599 1600 657 super
1620 584 1791 641 haecomnia
1806 583 1971 640 altissimo

305 675 378 748 clos,
394 690 448 732 non
462 678 576 732 credunt
589 674 759 746 unigenitum
771 673 819 729 oei
834 672 932 729 Filium
947 672 1021 729 Patri
1032 688 1098 730 con·
1148 677 1248 733 mentis
1261 678 1385 736 contuitu
1398 680 1597 750 contemplatus
1609 694 1639 735 es
1650 677 1724 743 illud,
1736 677 1797 734 dico
1808 677 1973 737 Verbum,

305 766 530 833 substantiatum
545 765 680 839 ὅμωὺσιον
690 779 753 821 eum
768 771 879 836 negant,
891 764 1011 848 Qssb
1022 763 1098 821 Patri
1148 769 1176 826 in
1186 770 1320 842 principio
1332 787 1383 828 stro
1396 774 1467 844 apud
1482 772 1590 829 Patrem
1605 786 1696 838 sunm,
1719 747 1872 827 ffbiiffish
1888 766 1964 841 ghu-

305 857 526 925 coessentialem
544 859 706 936 triporticum
719 871 782 913 cum
801 855 946 921 affirmant,
968 856 1097 928 mlh
1149 861 1218 916 riam
1232 859 1290 930 ejus
1301 863 1378 933 quasi
1395 862 1524 934 unigeniti
1535 877 1551 917 a
1562 860 1653 918 Patre.
1675 858 1787 917 Plenum
1801 863 1952 934 prnttueet

305 949 419 1007 alterius
433 949 568 1006 essentiae
587 964 669 1020 utram
685 946 768 1004 Pater
786 955 838 1003 est
857 945 1097 1034 Qnon
1148 953 1286 1008 ueritatis·
1299 953 1402 1102 Q?
1425 954 1506 1026 hujus
1516 953 1619 1025 periodi
1646 952 1654 1009 i
1677 952 1798 1010 tellectus
1817 961 1874 1009 est.
1895 950 1951 1008 Po-

304 1042 417 1116 prodest
429 1043 469 1100 cis
478 1041 617 1100 Christum
633 1041 773 1112 recipere,
789 1041 854 1097 dum
870 1050 1005 1095 conantur
1026 1038 1098 1095 neri·
1149 1042 1286 1099 testenim
1310 1044 1343 1100 de
1386 1045 1550 1111 omanitatc,
1576 1058 1609 1101 ac
1640 1043 1722 1100 dium
1754 1052 1780 1100 te
1805 1042 1952 1100 incarnati

305 1143 389 1191 tatem
404 1134 464 1205 ejus
475 1150 586 1209 negare.
599 1134 651 1203 Qui
670 1149 736 1190 vero
752 1132 1036 1205 recipiuntchristum
1050 1146 1098 1188 ve·
1149 1134 1232 1192 Verbi
1252 1135 1351 1207 accipi,
1373 1136 1412 1192 ita
1432 1144 1464 1192 nt
1481 1136 1622 1207 plenitudo
1641 1135 1747 1207 gratiae
1760 1133 1904 1192 referatur
1916 1134 1954 1192 ad

304 1243 364 1283 rum
389 1228 475 1285 licum
499 1237 528 1284 et
551 1242 646 1283 rerum
669 1225 819 1292 bominem,
833 1234 862 1283 et
876 1225 928 1281 hoc
942 1224 1099 1282 tirmissitnc
1148 1227 1356 1295 humanitatem,
1377 1227 1517 1300 plenitudo
1534 1244 1601 1286 vero
1616 1227 1742 1284 ueritatis
1763 1228 1796 1283 ad
1811 1227 1953 1285 divinita·

303 1319 429 1385 credunt,
443 1319 483 1375 eis
497 1318 661 1389 possibilitas
677 1318 740 1372 data
754 1324 798 1372 est
815 1315 886 1372 lilios
901 1315 948 1372 liei
965 1315 1036 1371 lieri.
1148 1329 1215 1377 tem.
1241 1320 1358 1377 Verbum
1367 1321 1491 1425 Q
1506 1320 1678 1378 incarnatum
1697 1318 1828 1376 bannus
1852 1326 1956 1376 noster

340 1409 393 1479 Qui
406 1428 457 1466 non
470 1427 502 1466 ee
512 1409 683 1482 sanquinibur
693 1451 702 1475 ,
714 1425 796 1480 neque
809 1424 842 1464 ex
855 1406 987 1463 uoluntate
997 1407 1096 1474 carnit,
1148 1413 1230 1470 lesus
1248 1412 1373 1470 Christus
1392 1412 1587 1485 plenitudinem
1605 1411 1710 1484 gratiae
1725 1410 1882 1468 secundum
1897 1409 1955 1465 hu·

304 1519 386 1576 neque
398 1520 431 1557 es
444 1503 577 1558 uoluntate
589 1503 648 1567 ciri,
667 1505 713 1557 red
733 1517 766 1556 en
777 1499 833 1556 Deo
853 1500 908 1555 nuti
919 1509 994 1556 rant.
1007 1498 1036 1578 Qu
1048 1512 1098 1553 an·
1148 1503 1307 1561 manitatem
1325 1503 1441 1575 aceepit,
1454 1502 1583 1574 quoniam
1597 1510 1681 1573 eaput
1695 1500 1834 1557 Ecclesiae
1852 1508 1911 1566 ost,
1925 1507 1956 1556 et

304 1596 387 1668 tiquis
409 1593 577 1674 Graecorum
596 1594 796 1676 exemplaribus
813 1593 982 1651 solummodo
1000 1593 1098 1651 scribi·
1147 1595 1347 1668 primogenitus
1369 1594 1516 1650 universae
1537 1602 1691 1658 creaturae,
1704 1591 1838 1683 ἐρα-ἰοί,
1863 1592 1956 1649 totius

304 1667 563 1755 uffi‘tiil‘rmi‘ii
575 1667 763 1758 indemnibus,
776 1686 822 1742 red
835 1666 1095 1744 memmium.
1149 1685 1339 1743 universaliter
1349 1685 1537 1751 humanitatis,
1551 1699 1622 1758 qnae
1637 1684 1665 1741 in
1681 1686 1740 1757 ipso
1753 1693 1781 1740 et
1794 1684 1956 1757 peripsum

303 1779 363 1835 ilon
381 1794 417 1836 ex
438 1778 627 1851 sanguinibus,
641 1777 875 1860 inquinhth,
898 1793 951 1835 non
967 1793 1098 1850 corpora-
1148 1788 1243 1835 sanata
1266 1787 1294 1834 et
1320 1787 1472 1836 restaurata
1492 1786 1546 1836 est.
1571 1779 1600 1836 ln
1624 1778 1684 1852 ipso
1706 1778 1788 1844 dico,
1808 1778 1954 1851 quonian

303 1869 376 1927 libus
386 1869 632 1942 procreationibus,
648 1868 695 1938 qni
709 1867 884 1939 adoptionem
903 1866 1021 1924 tiliorum
1048 1868 1097 1925 Dei
1111 1848 1135 1910 Β
1149 1868 1299 1927 maximum
1321 1878 1350 1926 et
1374 1869 1523 1941 principale
1547 1870 1701 1942 exemplum
1725 1869 1848 1941 gratiae,
1875 1882 1955 1940 qua,

303 1962 404 2020 merito
417 1961 479 2019 ltdci
495 1960 697 2034 adipiscuntur3
713 1960 762 2016 sed
779 1975 794 2015 a
813 1960 870 2016 lieo
882 1957 964 2015 Patre
976 1958 1098 2029 perspi·
1148 1962 1230 2018 nuliis
1240 1961 1467 2034 praecedentibus
1485 1962 1603 2030 meritis,
1623 1960 1705 2018 humo
1726 1959 1844 2018 emetur
1862 1960 1953 2031 Deus,

218 2113 225 2126 ,
303 2053 385 2114 ritum
399 2063 522 2113 sanetum
538 2055 566 2110 in
584 2052 812 2111 cohaereditatem
829 2052 940 2115 Christi,
964 2052 1017 2106 boc
1035 2058 1097 2120 est,
1149 2053 1207 2125 ipse
1220 2063 1272 2122 est,
1287 2065 1315 2112 et
1329 2056 1356 2112 in
1368 2056 1429 2127 ipso
1439 2055 1654 2127 primordialiter
1668 2055 1878 2111 manitestatum
1893 2060 1951 2111 eet.

302 2145 332 2205 ln
345 2145 559 2204 condliolitutem
571 2143 702 2216 unigeniti
715 2142 835 2199 lieiFitii
847 2143 903 2199 nati
914 2118 1098 2216 suffiae
1147 2145 1202 2203 Per
1218 2146 1306 2217 ipsum
1330 2163 1408 2214 uero,
1428 2146 1559 2220 quoniam
1579 2147 1613 2203 de
1632 2145 1797 2217 plenitudine
1816 2144 1952 2213 einum

186 2293 192 2304 ,
301 2253 336 2295 co
350 2236 482 2293 uoluntate
495 2235 600 2302 curuis,
618 2250 700 2306 neque
713 2249 746 2289 ea
762 2232 894 2289 voluntate
910 2233 972 2288 ciri.
993 2233 1098 2303 Duplex
1147 2251 1244 2293 omnes
1263 2237 1547 2310 accepimosgratiam
1560 2237 1750 2304 deificationis,
1764 2235 1949 2308 pergratiam

301 2327 486 2386 introducitur
509 2341 607 2390 sexus,
632 2339 666 2380 ex
694 2339 749 2394 qno
773 2323 801 2378 in
821 2337 906 2380 carne
926 2322 1097 2379 nascentium
1148 2328 1222 2394 ddei,
1236 2343 1289 2398 qua
1310 2329 1337 2385 ln
1359 2345 1422 2385 eum
1441 2328 1591 2395 credimus,
1609 2335 1638 2382 et
1650 2328 1776 2395 actionis,
1790 2339 1849 2398 qrra
1867 2342 1950 2382 maa·

301 2419 450 2476 carnaliter
465 2418 647 2476 numerositas
660 2425 842 2489 propagatum
870 2417 962 2474 caruis
978 2417 1097 2498 ΨΜ
1149 2421 1210 2477 data
1225 2421 1285 2493 elus
1301 2420 1481 2479 custodimus
1505 2419 1599 2477 Potest
1620 2419 1702 2475 etiam
1723 2409 1948 2490 plenitudo'gra·

302 2510 413 2570 nornine
428 2509 586 2570 femineum,
613 2508 665 2564 siri
690 2522 755 2564 roro
780 2507 960 2565 masculinum
979 2523 1098 2581 euange-
1149 2512 1204 2568 tiae
1215 2512 1316 2569 Christi
1329 2512 1363 2568 de
1376 2510 1478 2582 Spiritu
1493 2508 1723 2579 sanctointelllgl.
1737 2507 1947 2565 Srnmusnsm-

302 2599 366 2662 llsta
379 2600 543 2670 significauit
556 2587 763 2656 habiturn.N
1148 2616 1203 2673 que
1223 2601 1353 2673 Spiritus,
1381 2600 1427 2671 qui
1451 2598 1612 2656 distributor
1630 2606 1659 2654 et
1671 2608 1797 2671 operator
1812 2598 1943 2655 donatio·

336 2690 372 2748 Et
392 2705 427 2746 ne
446 2688 516 2748 lorte
536 2689 611 2745 dieas
624 2687 812 2761 :impossibile
833 2687 952 2754 ridetur,
968 2688 1097 2745 mortales
1148 2709 1213 2748 num
1234 2693 1349 2763 gratiae,
1371 2692 1458 2765 gratia
1473 2690 1542 2747 solet
1555 2689 1695 2761 appellari.
1718 2687 1802 2761 Cujus
1813 2688 1950 2759 ,Spiritus

301 2783 360 2843 deri
385 2782 564 2848 immortales,
584 2781 774 2855 corruptibiles
795 2780 971 2851 corruptione
989 2795 1096 2848 carcre,
1147 2783 1313 2855 septilormis
1327 2782 1450 2854 operatio
1470 2773 1669 2864 humanitatem
1683 2778 1785 2838 Christi
1803 2779 1960 2851 impleuit,

298 2890 383 2948 puros
398 2874 521 2930 homines
535 2870 605 2928 11Ῑίῡῦ
619 2870 667 2928 1)θὶ
682 2886 756 2938 08⁸0,
768 2869 931 2943 temporales
944 2870 1095 2926 leltlssllt·
1147 2885 1176 2933 et
1187 2876 1214 2933 in
1228 2891 1261 2932 eo
1277 2875 1423 2946 requievit,
1437 2873 1509 2931 sicut
1523 2874 1562 2929 sit
1576 2873 1708 2944 propbeta
1723 2871 1805 2928 :alit
1815 2872 1960 2943 requies·

299 2971 354 3024 ted
367 2966 515 3037 possidere,
526 2980 560 3022 et
572 2965 617 3032 m,
630 2978 700 3037 quae
711 2962 899 3034 majoranum,
913 2962 1097 3033 acciacum·
1147 2975 1192 3024 cer
1204 2981 1286 3038 siper
1299 2981 1361 3022 enm
1377 2964 1490 3037 spirtius
1512 2964 1631 3028 nomint,
1653 2964 1766 3034 emistus
1786 2962 1963 3034 saptentiae

299 3067 438 3126 mentum,
461 3074 516 3130 quo
539 3059 590 3126 rei,
615 3058 650 3114 dc
672 3043 738 3131 qua'
751 3057 870 3124 dubitas,
898 3055 987 3127 possis
1013 3054 1095 3112 dileto
1146 3068 1174 3116 et
1187 3058 1353 3124 intellectus,
1371 3057 1485 3129 spiritus
1504 3056 1612 3114 consilii
1624 3065 1652 3113 et
1667 3055 1843 3121 tortitudinis,
1858 3055 1964 3127 spiri·

299 3152 525 3209 accommodare:
540 3148 689 3206 Etruriam
700 3165 762 3204 curn
774 3149 874 3219 [mlum
889 3159 937 3204 est.
951 3146 1093 3226 δίψῃ,
1148 3160 1192 3206 tos
1206 3149 1338 3206 scientiae
1351 3160 1378 3204 et
1391 3147 1512 3218 pietatis,
1527 3155 1554 3203 et
1570 3146 1684 3218 replebit
1696 3161 1758 3232 eum
1772 3145 1888 3216 spiritus
1916 3145 1962 3203 tt-

299 3240 374 3315 quod
393 3239 453 3312 plus
468 3245 522 3305 est,
539 3238 635 3310 procul
646 3237 729 3294 dubio
740 3238 903 3309 praecessit,
917 3237 1095 3293 curiueredi-
1108 3225 1132 3290 G
1146 3242 1232 3300 moris
1246 3240 1354 3297 nomini
1365 3259 1388 3295 s.
1406 3239 1437 3296 st
1450 3254 1516 3312 ergo
1536 3240 1571 3295 de
1595 3239 1705 3296 Christo
1726 3254 1774 3310 per
1796 3254 1826 3295 se
1848 3237 1956 3309 ipsum

298 3329 482 3397 mertuum,
507 3330 578 3400 quod
603 3330 694 3391 minus
716 3337 769 3396 est,
793 3342 874 3399 posse
896 3328 1045 3400 consenuit
1063 3326 1094 3385 Si
1143 3336 1187 3391 uis
1206 3335 1344 3406 accipere,
1370 3320 1572 3406 quoddimum
1586 3342 1630 3391 est
1647 3333 1752 3406 menam
1772 3335 1887 3406 pretim,
1913 3336 1957 3394 de

298 3419 384 3482 ratu
398 3420 711 3486 beilactusestbomo.
731 3419 804 3491 (wod
826 3433 907 3476 'temti
926 3432 1032 3486 billum,
1046 3418 1093 3491 (tul
1142 3426 1315 3500 plenitudine
1334 3425 1517 3483 deilicationis
1536 3426 1596 3496 eius
1606 3434 1636 3482 et
1648 3424 1873 3482 sanetilcationia
1900 3441 1955 3484 se-

298 3523 363 3569 eum
385 3508 530 3582 rccipiunt,
553 3507 679 3580 ambigit,
694 3507 759 3579 quid
773 3507 883 3573 mirum,
899 3508 922 3564 si
941 3508 1022 3565 bomo
1034 3523 1095 3565 cre·
1143 3516 1263 3574 cundum
1276 3516 1475 3573 humanitatem
1491 3529 1638 3588 cognosce.
1651 3514 1835 3571 lleidcationis
1846 3522 1951 3572 numm

298 3603 367 3663 dens
386 3603 415 3659 iu
432 3601 530 3659 Filium
549 3600 598 3657 oei
616 3599 688 3656 lilius
708 3599 756 3656 net
777 3598 883 3657 loturus
908 3599 1093 3676 sitlro
1145 3608 1217 3672 dieo,
1232 3621 1286 3676 qua
1301 3607 1383 3662 homo
1395 3613 1424 3663 et
1438 3606 1512 3663 Deus
1527 3606 1555 3661 in
1567 3606 1700 3663 unitatem
1718 3606 1799 3661 unius
1810 3605 1951 3662 substau-

298 3694 433 3772 Q'qtpidenr
453 3691 571 3751 Verbum
589 3691 616 3749 in
629 3704 741 3748 caruem
755 3691 990 3759 descenditntin
1004 3691 1092 3762 ipsum
1144 3698 1200 3753 tiae
1224 3696 1333 3754 adunati
1350 3705 1429 3765 sunt;
1447 3696 1681 3766 ¹sanctiticatiouis
1702 3712 1779 3764 rem,
1803 3711 1856 3768 qua
1868 3710 1948 3774 geu

298 3805 373 3859 euro,
395 3791 495 3864 Q
509 3787 717 3845 homocredens
730 3801 779 3858 per
792 3800 903 3842 earnem
922 3787 949 3841 in
973 3785 1093 3843 Verbum
1144 3790 1231 3873 schim
1251 3791 1285 3846 de
1306 3788 1410 3860 Spiritu
1434 3799 1530 3847 saneto
1551 3796 1715 3861 conceptus,
1737 3803 1833 3844 verum
1852 3787 1947 3846 uiam

298 3880 438 3946 ascendat,
450 3889 479 3933 ut
493 3893 543 3950 per
555 3875 706 3934 naturalem
718 3874 816 3932 Filium
832 3875 1000 3948 unigenitum
1013 3875 1092 3932 multi
1143 3880 1313 3954 plenitudiue
1327 3878 1502 3937 donationum
1518 3880 1577 3953 elus
1594 3880 1718 3952 repletus
1731 3854 1947 3965 esFa'c'JQu'

298 3970 350 4028 dlii
370 3968 523 4027 efficiantur
544 3968 673 4039 utoptivi.
695 3967 755 4024 Non
770 3976 880 4040 propter
895 3968 1012 4038 seipsum
1026 3967 1093 4023 Ver·
1145 3970 1172 4029 in
1186 3972 1342 4029 sirmmitate
1356 3972 1463 4045 mystici
1474 3971 1613 4029 eeclesiae
1621 3972 1778 4030 candelabri
1788 3974 1945 4046 gratiarum

298 4061 365 4118 burn
376 4075 439 4116 earo
452 4059 615 4124 factumest,
631 4061 679 4117 sed
695 4072 807 4132 propter
826 4076 887 4125 uos,
909 4061 955 4132 qui
976 4062 1092 4118 nonnisi
1143 4061 1324 4134 lampadcsiu
1336 4064 1395 4133 ipso
1406 4062 1479 4118 etde
1493 4061 1553 4133 ipso
1567 4061 1680 4119 lulsere.
1699 4060 1728 4119 Si
1739 4076 1805 4118 vero
1820 4062 1945 4134 plenitur·

299 4164 350 4222 prr
370 4149 452 4207 Verbi
472 4164 585 4205 carnem
604 4151 788 4220 potuissemus
808 4152 835 4206 in
855 4150 901 4205 liei
918 4151 988 4206 lilios
1001 4160 1092 4206 trans·
1144 4154 1236 4210 dinem
1255 4153 1361 4225 prauae
1383 4163 1411 4209 et
1431 4154 1557 4210 veritatis
1572 4153 1709 4210 incarnati
1723 4153 1945 4211 Verbidellovo

299 4241 416 4307 mutari;
438 4238 513 4296 ⁸⁰¹⁰ss
534 4239 686 4305 descendit,
708 4256 770 4297 cum
792 4241 884 4298 multis
907 4241 1044 4308 ascendum
1058 4241 1093 4298 de
1144 4246 1321 4305 'testamento
1343 4248 1430 4303 manis
1451 4246 1614 4317 intelligere,
1629 4248 1669 4303 sie
1684 4245 1945 4319 idemerangetists

298 4332 455 4390 bominibus
479 4331 544 4388 lucit
564 4331 641 4398 deos,
664 4331 710 4403 qui
730 4333 764 4389 de
787 4333 842 4389 [leo
862 4332 926 4389 lecit
942 4335 1090 4391 hominem.
1143 4338 1224 4412 paulo
1245 4348 1305 4410 post
1325 4338 1434 4394 ridetur
1456 4338 1586 4395 sensisse.
1608 4338 1653 4394 tit
1675 4336 1858 4395 enimzehex
1881 4352 1944 4409 per
2013 4390 2024 4407 ,

298 4422 334 4479 lit
352 4423 478 4479 taniitueit
493 4424 521 4478 in
536 4423 747 4511 ’'tillirffll
760 4434 886 4482 naturam
899 4434 1020 4483 nostram
1032 4442 1095 4498 pos·
1143 4430 1254 4503 ltoysen
1265 4432 1328 4486 data
1344 4438 1403 4498 est;
1416 4429 1504 4502 gratia
1517 4437 1609 4485 autem
1623 4439 1653 4485 et
1665 4429 1769 4487 veritas
1780 4443 1828 4501 per
1840 4426 1942 4486 lesum

297 4514 380 4580 sedit,
405 4524 435 4570 ut
456 4528 522 4571 suae
544 4523 660 4573 naturae
678 4530 728 4573 nos
746 4516 895 4588 participes
917 4516 1030 4574 laceret.
1055 4517 1090 4573 Et
1143 4521 1283 4579 Christum
1295 4521 1368 4578 lacta
1387 4530 1431 4578 est
1443 4520 1544 4603 ”EQ
1564 4522 1712 4596 inneppprue
1733 4521 1938 4593 pronuntiabis,

298 4607 409 4664 uidimus
420 4606 532 4679 plurim
541 4608 610 4679 ejus,
621 4607 734 4679 plurium
743 4609 820 4680 qunti
830 4609 958 4681 unipeniti
970 4627 987 4663 u
998 4606 1091 4665 Putre.
1104 4593 1133 4656 D
1144 4612 1338 4685 plenitudinem
1350 4613 1456 4685 gratiae
1471 4610 1538 4668 Novi
1554 4612 1721 4670 Testamenti
1734 4627 1785 4685 per
1794 4612 1940 4672 Christum

298 4696 474 4781 {illinitus-ti,
500 4712 518 4753 o
544 4698 624 4754 beate
648 4697 791 4771 theologe,
819 4698 934 4771 gloriam
959 4699 1093 4757 lncamati
1143 4718 1205 4762 esse
1229 4704 1369 4769 donatam,
1388 4713 1416 4762 et
1434 4704 1561 4775 legalium
1585 4702 1769 4778 symbolorum
1791 4705 1941 4764 veritatem

298 4786 396 4852 Verbi,
409 4785 523 4858 gloriam
539 4786 680 4842 humanati
700 4786 761 4844 diiii
775 4787 840 4844 Deli
857 4788 1094 4869 Quintillistli
1145 4796 1247 4867 inipso
1263 4811 1325 4854 ense
1343 4796 1510 4868 implexum3
1534 4788 1626 4853 sie'alt
1638 4795 1783 4867 Apostolus
1794 4796 1863 4852 :itu
1876 4810 1943 4867 quo

252 4878 257 4885 ·
298 4874 430 4957 thudun}
439 4875 927 4959 oculisocunenistittoroorathus.
943 4862 1092 4951 armon,
1144 4888 1400 4960 tantumtantum
1415 4885 1940 4960 urvrnnnrseorpsnuumpmnu-

298 4967 328 5022 in
351 4973 443 5041 monte
462 4963 694 5024 tranformationis
711 4977 840 5040 tempore.
857 4968 934 5027 Tune
947 4970 1019 5026 enim
1037 4978 1095 5026 ter·
1144 4978 1236 5036 dinem
1258 4977 1384 5034 videlicet
1405 4977 1554 5035 divininatis
1576 4980 1707 5051 mysticos
1725 4976 1851 5050 legalium
1872 4996 1940 5040 um.

298 5058 354 5113 tius
377 5055 475 5112 aderas
500 5055 577 5112 testis
598 5056 705 5114 divinae
727 5058 939 5130 glorificationis.
958 5058 1093 5116 Praesens
1143 5069 1253 5127 braium
1265 5068 1419 5126 intellectus
1428 5069 1579 5142 appellans,
1592 5085 1662 5142 quos
1672 5070 1798 5129 Christus
1811 5072 1836 5127 in
1849 5086 1938 5133 carue

297 5162 374 5216 elli·
397 5156 427 5205 ul
450 5146 587 5214 θῐῑὸῑῑῐῦθι
610 5147 640 5204 in
663 5147 825 5217 Jerusalem,
842 5149 982 5206 elludssli
994 5163 1090 5205 l⁰⁰⁰¹¹¹
1141 5163 1255 5220 veniens
1276 5162 1304 5217 in
1319 5177 1349 5218 se
1364 5162 1423 5234 ipso
1437 5161 1628 5235 corporaliter,
1650 5162 1704 5220 hoc
1725 5172 1780 5232 est,
1800 5162 1941 5222 veraciter

238 5290 248 5301 ,
297 5237 389 5296 Patria
415 5236 515 5295 filium
541 5237 719 5296 clarificantis
742 5240 899 5297 dicentem:
917 5238 1090 5297 «clarificari
1141 5252 1282 5310 habitasse
1291 5259 1320 5308 et
1332 5251 1424 5307 docuit
1432 5260 1460 5307 et
1471 5228 1807 5325 manifestariffrmniam
1820 5253 1879 5325 ipse
1888 5264 1941 5313 est

296 5336 326 5383 el
348 5325 448 5385 ilerum
471 5325 662 5385 tltlissclbttt·
684 5328 793 5385 Audiill
815 5337 920 5386 ΨΜ
944 5327 1090 5386 issflsslillm
1141 5342 1203 5401 lons
1225 5351 1254 5399 et
1273 5342 1413 5414 plenitudo
1435 5343 1596 5417 gratiarum,
1623 5344 1726 5401 veritus
1746 5343 1939 5417 symbolorum

294 5416 543 5511 proclamantium:
558 5416 701 5476 silosauna
713 5419 769 5476 litio
782 5419 896 5478 liaridr.
913 5419 982 5490 Quid
997 5421 1087 5479 dicam
1140 5432 1285 5508 legalium,
1307 5432 1370 5490 linis
1391 5433 1591 5507 prophetalium
1609 5434 1756 5503 visionum,
1779 5434 1823 5491 eui
1845 5434 1939 5508 pluris

295 5513 332 5567 oe
350 5509 438 5585 doda
458 5509 686 5569 muniminum
703 5511 801 5569 vtum
816 5526 879 5568 eum
900 5506 1088 5587 innumeram
1141 5527 1297 5586 munaus
1316 5536 1345 5584 et
1365 5536 1460 5586 sanem
1477 5527 1581 5600 spiriu
1594 5542 1643 5601 per
1663 5527 1756 5585 suun
1779 5526 1870 5588 semu
1889 5542 1941 5588 se·

297 5614 314 5653 a
335 5599 462 5670 mortuis,
483 5598 550 5659 duu
568 5601 603 5658 ad
626 5610 653 5658 te
675 5610 835 5673 ceterosque
848 5611 909 5660 tues
921 5604 1093 5676 condiscipu·
1141 5618 1277 5686 sutorum·
1292 5618 1390 5684 Amen,

295 5686 338 5751 lot
364 5689 464 5751 cuuis
484 5689 576 5765 januis
606 5694 726 5757 intravit.
758 5694 857 5761 titisn
884 5694 1000 5767 gloriam
1030 5694 1092 5784 ejus
