4167 6625
1518 405 1545 414 ,ο
1575 404 1760 432 ’.ἾῗᾞΗΙ
1774 414 1781 422 ,

350 458 419 516 m
1039 429 1297 504 mmmm
1514 481 1523 498 .
1672 474 1780 496 2.
1912 438 1974 498 ne

350 571 438 643 aiens.
457 563 532 623 Bene
544 562 636 648 Q
657 560 848 634 supersapiens
867 566 896 614 et
921 555 1024 629 optima
1046 554 1141 625 sophia
1156 567 1180 624 Α
1193 555 1414 629 provenientibus
1423 555 1532 627 copiose
1544 552 1595 621 eis,
1608 559 1636 609 et
1649 566 1702 608 ooo
1715 549 1974 624 deficientibusqu-

350 660 386 715 ab
398 657 513 730 eloquiis
531 654 665 719 laudatur,
679 660 785 707 cratera
803 649 947 723 mysticum
969 654 1100 713 statuens,
1116 653 1145 701 et
1194 647 1229 705 lis
1241 647 1376 704 affluentia
1391 648 1522 721 largiente
1535 656 1563 702 et
1574 656 1795 718 supermanante
1820 642 1879 699 Boc
1894 657 1976 701 auten

351 765 459 808 sacrum
481 747 522 805 eis
542 752 635 818 potum
658 741 832 814 profundens,
857 738 943 810 tnagis
968 747 1060 793 autem
1080 743 1144 790 ante
1193 751 1260 793 rere
1282 738 1406 809 epulari,
1428 748 1456 793 et
1470 745 1580 809 propter
1592 735 1661 791 baec
1674 733 1841 789 virinensis
1857 733 1932 789 simul
1951 743 1977 792 et

351 843 404 898 ltos
416 838 517 895 solidat
530 849 608 891 escas
625 846 801 904 tir⁰t>⁰¹¹0¹¹82
823 838 850 885 et
865 843 928 884 etim
941 826 1050 885 excelsa
1064 838 1144 896 ntae·
1193 831 1367 903 parvulorum
1381 832 1483 898 nutrix,
1497 841 1526 887 ct
1539 829 1706 896 renovatrix,
1721 839 1750 886 et
1764 828 1910 901 perfectrix
1922 830 1976 887 lan·

290 976 295 985 .
350 931 488 987 dicatione
509 926 567 999 ipsa
593 924 778 980 desiderantes
805 935 836 978 se
856 920 959 991 optime
980 927 1009 974 et
1029 916 1144 988 pulchre
1195 925 1269 979 asu,
1294 923 1449 980 secundum
1474 923 1546 980 hane
1569 932 1661 978 aurem
1691 935 1801 978 sacam
1824 921 1978 992 spumam

351 1021 521 1077 desiderans.
547 1014 686 1087 duplicem
703 1012 786 1085 igitur
799 1025 890 1069 eseam
908 1009 999 1066 divina
1010 1006 1143 1080 sapientia
1194 1013 1374 1085 apertionem,
1384 1024 1413 1073 et
1423 1014 1481 1086 ipse
1492 1013 1613 1070 omnium
1628 1013 1763 1070 bonorum
1786 1012 1906 1069 causalis
1915 1012 1979 1070 fleas

350 1112 478 1188 proponit
492 1126 500 1165 a
517 1123 598 1163 unam
610 1088 859 1179 nuidgffiolidam
875 1110 903 1158 et
915 1099 1143 1168 manducabilem,
1195 1101 1324 1159 inebriari
1338 1103 1446 1169 dicitur,
1458 1112 1568 1176 propter
1579 1101 1860 1173 superplenitudinem
1872 1113 1900 1159 et
1911 1102 1981 1156 iutel-

350 1205 467 1260 afteram
482 1213 548 1255 vero
562 1195 701 1253 humidam
724 1204 753 1251 et
775 1191 935 1265 profusam,
951 1199 980 1247 et
994 1190 1021 1245 in
1037 1198 1143 1245 cratere
1194 1191 1335 1263 figentium
1353 1192 1536 1262 epulationis:
1552 1199 1599 1247 aut
1620 1202 1700 1262 potus
1714 1190 1878 1258 dicendum,
1897 1191 1983 1261 epula·

350 1295 466 1370 porrigit
477 1273 606 1365 prendas
617 1305 681 1346 suas
695 1287 843 1344 bonitates.
867 1283 926 1357 ipse
935 1282 1031 1356 ,igion
1052 1289 1145 1338 crater
1195 1280 1278 1337 donis
1291 1281 1337 1337 flei
1352 1281 1575 1352 perfectissimam
1587 1288 1614 1337 et
1627 1280 1792 1337 ineffabilem
1804 1280 1927 1337 deterius
1939 1281 1985 1337 ira·

351 1383 561 1443 retundendum
576 1381 612 1436 sit
622 1388 651 1436 et
664 1377 811 1449 repandus,
825 1373 977 1447 symbolum
991 1372 1029 1429 sit
1041 1385 1146 1442 expan·
1195 1370 1464 1427 mensurabilitatem.
1485 1369 1520 1427 iit
1529 1369 1601 1426 enirn
1623 1371 1650 1426 in
1670 1370 1749 1427 nobis
1760 1370 1911 1427 meandum
1920 1371 1984 1442 quad

349 1494 398 1537 sae
412 1474 492 1533 simul
505 1482 533 1530 et
546 1474 573 1528 io
592 1471 682 1529 omnia
694 1467 887 1526 circumeuntis
900 1467 959 1523 sine
971 1463 1105 1537 principio
1117 1470 1146 1519 et
1195 1463 1315 1519 ebrietas
1327 1464 1503 1520 immoderata
1511 1462 1624 1535 repletio
1633 1472 1685 1529 est,
1695 1470 1724 1519 et
1732 1463 1985 1520 menteetsensibus

349 1566 474 1625 lodnitae
486 1564 582 1620 borum
595 1560 717 1618 amariam
731 1556 928 1630 providentiae.
948 1554 1145 1659 Qec
1195 1555 1327 1623 ecstasis,
1342 1555 1383 1612 sic
1394 1556 1543 1612 secundum
1564 1557 1637 1629 quod
1650 1555 1768 1624 melius,
1790 1556 1821 1613 in
1835 1555 1894 1613 ben
1906 1555 1987 1613 ebrie-

348 1656 532 1733 quoniam-in
556 1651 647 1710 omnia
661 1651 835 1722 proveniens,
852 1652 942 1703 manet
960 1646 988 1702 in
1002 1660 1102 1716 serpsa,
1117 1652 1147 1700 et
1196 1653 1281 1703 tatem
1306 1661 1361 1704 non
1387 1646 1461 1703 alirrd
1485 1648 1550 1734 quid
1583 1657 1692 1719 oportet
1724 1647 1860 1720 intelligi,
1885 1658 1988 1721 praeter

349 1751 442 1812 statin
455 1746 614 1806 immutabili
628 1757 743 1802 naturae
756 1740 984 1808 similitudinem
999 1738 1145 1812 perfectis·
1196 1736 1473 1807 superabundantiam
1487 1749 1516 1796 et
1529 1754 1639 1795 musano
1659 1740 1867 1810 provenientem
1885 1740 1915 1796 in
1936 1742 1988 1813 ipm

349 1846 421 1904 sima
437 1839 647 1900 irremeabiliter
664 1838 753 1907 seipsa
773 1834 906 1892 collocata
928 1830 1102 1889 uniformiter
1117 1838 1146 1888 et
1196 1829 1319 1886 omnium
1332 1829 1465 1886 bonorum
1480 1831 1739 1890 immensurabilem.
1764 1832 1822 1889 Sed
1847 1841 1878 1889 et
1900 1849 1988 1890 cone

350 1938 426 2005 fise,
445 1935 486 1993 sic
499 1940 591 1990 crater
606 1938 672 1987 stat.
692 1927 848 1985 dedidoaos
862 1934 954 1983 autem
968 1932 997 1981 et
1009 1922 1144 1997 sapientia
1160 1928 1284 1992 nquens
1303 1919 1442 1979 ebrietatis
1464 1923 1615 1995 sapientiae
1637 1923 1769 1993 ecstasis,
1787 1927 1988 1999 supereminens

349 2030 460 2089 domum
475 2026 525 2082 sint
540 2023 652 2089 eisitan,
669 2029 698 2077 et
711 2020 739 2076 in
754 2019 827 2091 ipsas
848 2017 950 2074 solidas
961 2030 1040 2073 escas
1052 2024 1080 2072 et
1095 2027 1145 2085 po·
1198 2009 1248 2067 bei
1258 2009 1518 2084 superintelligentia
1530 2012 1713 2086 intelligenda,
1722 2017 1989 2087 secundumouaarrt

350 2131 396 2180 tus
409 2129 438 2177 et
451 2127 558 2176 matera
573 2127 726 2186 proponens
743 2128 751 2166 ι
766 2110 807 2168 sic
826 2124 887 2166 esse
906 2108 998 2164 divina
1016 2105 1146 2162 divinitus
1197 2103 1334 2161 exaltatur
1350 2103 1524 2178 truntttgendo
1536 2105 1772 2179 superintelligere
1785 2116 1889 2174 rats,et
1903 2123 1990 2178 saper·

349 2208 472 2287 symbola
486 2206 648 2264 facientibus
659 2201 776 2269 clarum,
788 2200 852 2273 quia
866 2208 894 2256 et
904 2197 1073 2272 providentia
1083 2209 1148 2267 pen·
1198 2195 1358 2269 intelligitur
1378 2205 1406 2253 et
1428 2211 1510 2269 super
1527 2197 1616 2268 ipsum
1637 2210 1713 2265 esse,
1729 2206 1758 2254 et
1778 2198 1839 2268 ipse
1862 2201 1989 2269 omniam,

349 2302 500 2364 lectissima
514 2307 555 2356 est
576 2297 635 2370 ipse
656 2292 764 2352 essendi
788 2301 816 2348 et
836 2293 906 2347 bene
928 2288 1035 2347 meandi
1054 2286 1147 2343 omnia
1197 2301 1378 2359 quaeeunque
1399 2297 1474 2352 snm,
1487 2282 1590 2360 optima
1604 2288 1741 2345 inebrians
1753 2288 1837 2345 simul
1850 2296 1881 2345 et
1895 2290 1990 2348 satur

348 2394 479 2460 causalis,
503 2400 532 2450 et
552 2392 580 2447 in
595 2385 688 2447 omnia
705 2383 850 2458 procedit,
873 2391 902 2439 et
922 2382 949 2437 in
965 2379 1040 2439 omni
1061 2378 1103 2444 flt,
1118 2384 1148 2434 et
1198 2387 1242 2435 est
1253 2377 1338 2446 flens,
1356 2379 1623 2449 unquam'omnium
1636 2379 1755 2451 ipsorum
1769 2378 1855 2436 simui
1867 2391 1991 2454 etsuper·

350 2487 476 2548 continet
487 2484 597 2550 omnia,
616 2478 754 2537 etiterum
769 2475 828 2548 ipse
842 2476 869 2531 in
882 2475 978 2532 eodem
991 2487 1041 2544 per
1055 2470 1146 2529 excel·
1198 2468 1341 2542 plenorum
1361 2467 1591 2528 immensurabilis
1612 2470 1801 2528 universitatis
1823 2474 1991 2544 superexcel-

342 2561 477 2644 lentiam,
490 2574 594 2634 rutilum
609 2551 786 2640 irTu‘rdierer
800 2566 902 2624 nullum
915 2573 969 2633 cst,
982 2562 1032 2622 sed
1044 2562 1148 2620 exalta·
1198 2560 1292 2628 tentia,
1306 2571 1334 2618 et
1349 2562 1576 2621 iternmertraet
1591 2564 1870 2621 summitasomnium
1889 2582 1990 2623 curma

350 2680 396 2727 tnr
407 2666 544 2732 omnibus,
559 2662 618 2734 ipse
633 2661 662 2716 in
682 2658 773 2731 seipso
785 2656 912 2714 similiter
930 2662 958 2710 et
973 2652 1148 2710 aeternaliter
1198 2655 1314 2729 positus.
1327 2656 1370 2713 ab
1384 2657 1533 2714 bisantem
1548 2659 1671 2716 volentes
1683 2669 1712 2714 et
1725 2658 1754 2714 in
1769 2673 1857 2732 regno
1871 2658 1921 2716 net
1935 2676 1991 2717 sae·

349 2778 410 2829 ens,
425 2770 454 2818 et
466 2767 552 2823 stans,
566 2763 595 2812 et
616 2765 751 2819 manens,
776 2756 804 2805 et
817 2761 927 2818 semper
940 2744 1089 2803 meandum
1101 2756 1149 2798 ea·
1198 2731 1306 2803 cto'rum
1322 2747 1448 2804 convivia
1460 2747 1539 2819 justa
1559 2750 1673 2806 eundem
1692 2750 1862 2821 accipiemus
1878 2752 1990 2808 modum.

350 2856 412 2912 dem
425 2860 454 2909 et
466 2848 549 2906 sicsic
560 2846 675 2910 babens,
690 2850 719 2898 et
729 2838 803 2897 nullo
830 2838 911 2896 modo
931 2844 1010 2894 extra
1025 2834 1148 2905 seipsum
1201 2833 1350 2893 'transiens
1362 2836 1447 2904 enirn,
1459 2837 1508 2904 ait,
1524 2838 1582 2909 ipse
1594 2851 1644 2895 rex
1655 2838 1829 2896 discumbere
1841 2854 1891 2896 eos
1906 2840 1990 2906 faciet,

349 2944 459 3008 tactus,
477 2953 566 3010 utute
587 2933 696 3008 propria
722 2931 856 3003 pravitate
880 2937 910 2985 et
931 2922 1149 2985 incommutabili
1198 2935 1229 2984 et
1251 2926 1310 2999 ipse
1333 2927 1501 2985 ministrabit
1523 2928 1597 2986 etsi.
1622 2923 1785 3001 Sissoificant
1812 2938 1909 2987 anteat
1932 2931 1992 2987 baec

348 3034 493 3102 mansiope
517 3036 545 3086 et
567 3025 691 3084 bonitate
716 3023 827 3079 relictus
842 3035 850 3076 a
865 3018 913 3076 sed
934 3026 963 3074 et
985 3018 1012 3074 in
1035 3014 1147 3087 seipsa¹
1199 3032 1372 3078 communem
1382 3020 1519 3091 quandam
1529 3030 1557 3078 et
1568 3035 1654 3093 aeque
1663 3020 1831 3078 invisibilem
1841 3030 1992 3079 sarnetum

350 3137 424 3184 totas
435 3134 464 3181 et
478 3118 691 3196 perfectissimas
703 3112 888 3187 providentias
904 3110 1007 3182 optirue
1019 3120 1148 3178 operans,
1200 3109 1227 3166 in
1241 3110 1342 3167 divinis
1355 3110 1434 3167 bonis
1456 3112 1629 3180 societatem,
1649 3122 1677 3174 ct
1693 3112 1846 3170 Ecclesiam
1862 3116 1991 3187 primore

352 3226 381 3273 et
403 3212 567 3288 proveniens
588 3209 616 3264 in
637 3205 751 3268 omnia,
778 3211 807 3260 ct
831 3215 945 3257 nranena
962 3197 990 3253 in
1005 3197 1106 3268 seipso,
1121 3201 1150 3252 ct
1200 3202 1320 3261 pirorum
1336 3204 1536 3277 descriptorum
1557 3205 1584 3262 tn
1600 3206 1696 3272 esem,
1711 3213 1741 3261 οι
1761 3205 1877 3277 spiriru,
1891 3217 1994 3264 mero.

350 3319 430 3367 stans
438 3316 545 3375 serrtper
554 3307 582 3355 et
596 3297 713 3363 motum,
728 3307 816 3365 neque
830 3299 915 3358 stain,
928 3302 1017 3361 troque
1030 3282 1186 3351 nausti}
1202 3312 1262 3353 runt
1276 3295 1404 3354 omnibus
1417 3296 1529 3369 optimis
1543 3298 1691 3369 perfectos,
1705 3305 1733 3353 et
1747 3298 1868 3371 primum
1888 3298 1993 3371 optimis

353 3399 409 3479 ξοιι
423 3413 440 3454 o
452 3397 474 3453 si
490 3393 552 3466 quis
565 3390 666 3477 dixerit
688 3388 816 3460 providas
837 3383 1011 3455 operationes
1026 3380 1054 3437 in
1070 3395 1149 3436 maa·
1201 3388 1332 3460 repletos.
1354 3388 1388 3445 Et
1406 3390 1558 3447 recubitum
1574 3391 1696 3462 requiem
1710 3391 1880 3448 arbitramur
1906 3391 1992 3447 multis

353 3458 675 3554 sioness'el'mffi'effl
698 3478 726 3533 5¹¹
749 3474 917 3548 imiimi(io
936 3471 1151 3529 ⁰⁰¹¹¹¹²¹⁰i³¹llef
1204 3483 1346 3541 doloribus
1367 3483 1451 3539 vitam
1476 3482 1617 3548 illaesam,
1632 3491 1662 3538 et
1673 3483 1915 3541 conversationem
1930 3485 1993 3540 diri·
2067 3466 2068 3487 ³

352 3578 436 3641 simul
455 3587 484 3634 el
507 3572 750 3647 supernaturaliter
773 3571 885 3631 liabens.
911 3568 966 3625 Sed
979 3583 1050 3639 fluite
1064 3567 1150 3623 solida
1201 3592 1265 3633 nam
1286 3576 1314 3631 in
1337 3575 1440 3631 lumine
1463 3582 1492 3631 et
1516 3573 1627 3645 regione
1650 3573 1811 3640 viventium,
1825 3574 1992 3631 omnim

352 3686 427 3738 esea,
442 3677 470 3725 et
482 3680 552 3741 quae
566 3661 699 3720 humidat
722 3658 777 3715 ilas
797 3659 870 3715 enim
890 3658 994 3727 optima
1016 3658 1150 3727 sapientia
1200 3680 1281 3723 sacro
1298 3666 1441 3738 repletam,
1456 3674 1485 3722 et
1496 3664 1710 3736 largissimorum
1726 3675 1754 3722 et
1767 3664 1913 3723 beatotum
1926 3668 1991 3738 apd.

353 3762 457 3819 donare
472 3755 552 3815 sinud
567 3763 596 3810 et
615 3751 758 3826 providere
771 3748 908 3806 laudatur.
932 3746 1021 3819 ipsam
1022 3745 1151 3833 Quium
1201 3772 1310 3815 mrum
1325 3757 1465 3829 copiosam
1478 3756 1629 3824 pauonem,
1646 3771 1696 3828 per
1708 3771 1791 3828 quam
1806 3755 1913 3814 laert&
1923 3758 1992 3813 omi

354 3853 470 3915 relidam
494 3864 584 3907 escam
609 3843 833 3916 compositionem
851 3848 959 3912 gestare
974 3837 1095 3894 arbitror
1109 3838 1151 3892 in·
1201 3849 1351 3921 replemur,
1377 3848 1548 3928 ammam
1569 3855 1613 3906 ,gr
1627 3848 1742 3916 paup,
1754 3846 1820 3907 ιω,
1839 3851 1992 3908 ,ecum

354 3941 517 4004 tellectualis
531 3950 560 3995 et
581 3935 745 3994 nutritoriae
761 3928 948 4005 porrectionis,
965 3938 993 3985 et
1016 3925 1151 3984 naturalis
1201 3955 1251 3998 ω,
1271 3938 1400 4007 perante,
1415 3948 1444 3997 et
1457 3922 1691 4007 ηἶῖῆεῖῆιιῐῇι
1712 3949 1855 3999 aeternam
1875 3945 1990 4016 reunia

306 4085 307 4088 ,
355 4031 606 4095 immutabilitatis,
624 4025 774 4084 secundum
795 4036 878 4094 qnam
898 4020 989 4077 divina
1019 4018 1151 4076 constite·
1203 4033 1375 4102 dona„10‚02
1392 4032 1589 4105 plenitudinem
1607 4036 1740 4092 bonosum
1759 4036 1943 4097 assurum„
1958 4041 1993 4097 35.

355 4134 432 4191 rant,
450 4132 479 4180 et
496 4129 635 4194 potentem
658 4127 689 4176 et
708 4116 872 4172 uniformem
894 4123 923 4170 et
943 4110 1151 4185 inseparabilem
1202 4125 1260 4182 mut
1270 4137 1300 4183 et
1311 4126 1480 4184 inrumpe,
1500 4126 1707 4199 lnqupgiponem
1719 4143 1785 4186 ,30
1799 4130 1872 4189 affl,
1890 4132 1955 4198 ⁸250,
1968 4142 1993 4188 ,a

356 4217 498 4278 scientiam
519 4213 684 4287 participant
706 4224 768 4266 cum
789 4205 1016 4264 intellectualibus
1032 4205 1151 4262 sensibi-
1202 4219 1376 4279 mapparum
1402 4235 1529 4278 ,omnum
1542 4219 1610 4288 per,
1628 4229 1657 4277 ,r
1670 4221 1861 4293 ,vpgppfflpm
1876 4224 1992 4295 w

356 4311 423 4369 llum
439 4295 1154 4377 illorutssrdlilblss”llflflfiillmlsspilssilffiiiim·
1202 4329 1243 4382 se,
1259 4331 1321 4373 cum
1343 4316 1470 4385 dicimus,
1483 4316 1605 4373 divinum
1623 4331 1753 4374 somnum
1777 4331 1841 4376 asse
1862 4328 1992 4376 rentotrra

356 4404 395 4462 tia
406 4403 554 4474 accipiens,
560 4411 624 4457 vere
633 4397 748 4454 solidam
758 4408 850 4452 escam
862 4392 977 4449 ondita.
989 4388 1152 4448 llnmidam⁶
1202 4406 1272 4475 per,
1295 4416 1323 4465 ,p
1336 4406 1591 4465 immunimus,
1611 4407 1727 4478 „magra
1743 4426 1751 4464 2
1766 4408 1882 4481 ,agrum
1895 4421 1992 4477 pm,

349 4507 448 4581 Qu
460 4494 569 4568 perfuse
582 4490 663 4548 simul
676 4500 703 4546 et
719 4489 746 4544 in
760 4486 851 4544 omnia
865 4486 1009 4558 provenire
1021 4483 1153 4541 festinan·
1202 4496 1439 4569 inprovidentiam
1452 4511 1500 4555 aas
1512 4496 1648 4564 doctrina,
1663 4506 1710 4553 ant
1724 4496 1814 4554 salute
1828 4499 1993 4571 deprecanti-

358 4593 393 4648 tis
408 4588 527 4653 uirtutis,
541 4595 569 4643 et
583 4585 671 4639 aulltuc
686 4597 735 4653 per
750 4578 826 4635 varia
841 4588 869 4636 ct
890 4577 974 4633 multa
997 4585 1025 4633 et
1038 4577 1150 4647 partita,
1203 4589 1255 4647 bu,
1276 4604 1445 4646 succursum,
1471 4586 1554 4644 Mutua
1584 4596 1675 4645 autem
1698 4588 1852 4661 theologica
1875 4592 1993 4664 gymnos,

358 4682 386 4738 in
408 4679 533 4748 sinrplam
548 4683 576 4729 et
589 4688 643 4729 non
669 4669 859 4726 tremulantem
878 4667 998 4722 divinam
1012 4665 1151 4737 cognitio·
1164 4637 1192 4697 D
1203 4678 1487 4756 praeseminatores
1501 4677 1667 4751 superdeum
1680 4677 1850 4738 arbitrantes
1864 4697 1937 4750 esse,
1950 4699 1992 4740 ea·

359 4786 420 4827 nem
435 4768 553 4824 nutritos
567 4761 735 4821 familiares*
749 4761 815 4832 ipsis
828 4759 949 4816 bonitate
966 4759 1154 4815 manuducen·
1204 4773 1266 4846 (¹⁰⁰1
1288 4762 1396 4828 eisdem
1412 4750 1582 4829 &satuentes
1603 4769 1658 4826 atta
1678 4770 1776 4839 videri,
1803 4771 1888 4830 simut
1915 4776 1991 4831 epm

360 4861 405 4917 tis.
413 4854 617 5001 Qut-od
631 4861 660 4909 el
673 4867 748 4917 forts
762 4860 791 4906 θῑ
804 4865 886 4923 rtur·
908 4850 997 4905 dividi
1016 4858 1044 4906 ei
1058 4849 1152 4905 invisi·
1204 4863 1281 4919 robis
1295 4864 1322 4918 in
1341 4861 1419 4919 bonis
1436 4862 1638 4929 obediendum,
1659 4870 1688 4918 et
1707 4873 1905 4934 commanentes
1926 4882 1993 4938 qnae

358 4949 424 5008 bilia
437 4947 599 5018 eoquia,.et
612 4945 683 5000 laete
700 4951 728 5000 et
742 4943 815 5008 vino,
833 4952 862 4998 et
874 4940 954 4997 melle
965 4941 1152 5012 aditnapinan·
1204 4953 1313 5026 quinam
1327 4962 1391 5010 sant
1403 4952 1545 5025 epistolae,
1556 4952 1592 5009 ab
1605 4953 1649 5009 bis
1661 4953 1821 5025 quaedicta
1832 4964 1907 5023 sunt,
1918 4958 1991 5029 quie

360 5056 417 5110 tur,
440 5048 552 5112 propter
577 5038 648 5092 ritae
673 5035 815 5092 secundm
841 5048 955 5100 eorum,
976 5042 1005 5088 1¹¹
1022 5033 1049 5088 5¹¹
1068 5048 1151 5103 iqui·
1204 5045 1317 5110 scimus,
1327 5045 1503 5113 excedentes,
1515 5054 1546 5101 ut
1557 5045 1681 5110 aestimo,
1693 5046 1720 5101 in
1733 5045 1795 5118 pius
1803 5062 1887 5120 quam
1895 5047 1991 5104 nostris

360 5136 490 5192 uirtutem
504 5149 511 5187 :
528 5137 557 5187 et
568 5128 713 5192 auctivam,
733 5134 763 5180 nt
785 5125 813 5182 in
829 5124 899 5181 lacte
914 5142 921 5179 z
937 5134 966 5181 et
979 5124 1152 5182 revivificati-
1206 5134 1293 5193 literis
1318 5136 1418 5193 nepita,
1435 5135 1511 5193 {tanc
1528 5146 1618 5193 aurem
1635 5144 1718 5193 soum
1733 5149 1856 5196 „mmm
1868 5139 1990 5213 pymeon.

360 5241 435 5292 vam,
449 5233 480 5279 ut
500 5222 527 5277 in
545 5219 610 5274 vino
624 5235 631 5272 :
646 5226 674 5273 et
687 5216 856 5289 purgativam
873 5215 953 5271 simul
968 5224 995 5272 ct
1008 5216 1151 5273 custoditi·
1204 5243 1264 5283 cam
1281 5228 1442 5299 rhwtogtam
1466 5229 1619 5295 postumus,
1640 5244 1690 5300 per
1703 5244 1784 5301 qnam
1799 5231 1917 5289 lassent„
1929 5244 1986 5287 cnm

360 5335 436 5386 vant,
450 5325 481 5372 ut
495 5316 522 5374 in
537 5312 626 5372 melle.
646 5311 717 5368 flacc
729 5310 802 5367 enirn
816 5309 906 5367 divina
922 5309 1055 5383 sapientia
1070 5313 1153 5369 donat
1205 5317 1353 5388 sapientiae
1366 5318 1447 5377 domn
1461 5319 1472 5352 ⁸
1484 5327 1512 5376 et
1524 5319 1664 5376 columnas
1684 5332 1789 5393 septem
1809 5323 1877 5382 bene
1890 5322 1983 5380 uisere

1053 5425 1499 5507 mmmmm'

316 5565 321 5575 '
363 5567 585 5639 'bilinseipsa
621 5562 880 5692 'Rifragermoturr
896 5561 917 5618 Ε
933 5578 987 5620 tem
1020 5572 1137 5647 rmotus
1158 5564 1194 5633 (et
1209 5563 1289 5631 om).
1326 5564 1537 5634 'monestrum
1556 5568 1888 5640 murmurmurmur.
1909 5559 1973 5618 ‘blf

364 5636 528 5696 flammant.
575 5632 703 5704 'siem
749 5632 975 5705 illamaluret3=
1014 5634 1193 5705 farrtilrnritarr
1232 5633 1409 5691 ‘BEdootm

1112 5716 1326 5809 must

399 5852 619 5923 ·wu·
846 5866 885 5879 ··
1243 5858 1461 5931 »mmm
