4167 6625
94 476 151 535 725
529 480 573 539 DE
592 482 762 541 batismum
780 483 955 542 uetustati.
975 515 1011 528 -
1026 484 1130 542 tibuit
1146 483 1305 543 ubertus,
1675 474 1728 538 tat

94 606 174 663 gura.
188 588 260 647 lien.
272 588 342 657 Quia
354 590 444 663 itaque
451 591 651 652 tibiuideturde
659 599 826 654 mensoribus
838 607 889 655 ter·
901 604 926 662 A
940 601 1071 656 montium
1085 598 1252 655 altitudinem
1264 596 1367 653 telluris
1377 596 1519 668 superficie
1529 595 1664 668 elongata,
1675 611 1729 653 trotr

95 700 144 740 rae
159 699 212 756 per
226 693 316 755 partes
333 693 362 739 et
378 685 463 740 stadia
483 698 626 758 ceteraque
650 689 805 756 interualla,
822 706 890 761 quus
936 691 993 761 jam
1005 691 1099 746 stricta
1113 699 1142 747 ct
1156 690 1189 745 ad
1204 687 1406 759 amplitudinem
1430 697 1553 744 terrenae
1576 687 1654 744 mulis
1673 702 1731 742 atn-

94 778 193 835 Graeci
201 777 383 845 geometricos
391 777 782 850 voeanrtNurn·artitrarts,eos
790 791 890 837 terram
939 780 1064 838 blendam
1084 782 1265 846 incommoda,
1284 782 1343 845 sed,
1359 780 1422 835 dum
1440 779 1493 835 siut
1507 779 1602 836 eadent
1614 793 1642 835 et
1652 779 1731 852 jutta

95 882 274 924 mensurasse
282 867 405 938 pedibus,
415 878 460 921 aut
469 870 601 938 passibas,
614 872 746 935 cubitove,
759 888 805 928 seu
816 873 891 928 simi·
939 884 1052 937 terram,
1071 882 1099 927 et
1120 873 1155 928 ab
1173 887 1205 927 ea
1220 871 1326 942 longius
1339 871 1484 941 praedictis
1497 870 1591 940 spatiis
1616 880 1730 936 remota,

94 960 166 1016 libus
177 957 486 1016 herminmarius
499 959 576 1017 lacile
591 961 642 1017 boc
655 962 815 1025 crediderim
832 961 889 1017 lieri
940 964 1161 1020 irrationabilium
1183 963 1374 1034 cogitationum
1394 960 1461 1017 lalsa
1476 961 1668 1033 imaginatione
1684 962 1732 1018 ab·

95 1049 218 1131 possein
232 1048 648 1107 tantadiuersitatemoatiumet
659 1051 890 1108 rallirrm.Nnmet
935 1044 1007 1124 jecta
1025 1055 1059 1109 ad
1080 1069 1234 1110 mensuram
1263 1063 1352 1109 terrae
1377 1053 1389 1086 ⁸
1411 1046 1555 1108 subiciunt.
1585 1051 1655 1107 ilino
1679 1059 1731 1121 est,

95 1155 257 1210 camporum
280 1140 405 1211 planities
426 1149 516 1196 mutae
538 1142 707 1209 aequalitatis
720 1159 772 1199 non
785 1151 843 1207 est,
860 1150 891 1198 ut
939 1144 1169 1217 quodct⁸Plinius
1178 1136 1572 1215 amplitrrdinemterrae,dtrcta
1581 1138 1732 1198 rationabili

95 1232 180 1287 simili
197 1246 344 1304 progressu
364 1231 450 1301 possit
470 1233 630 1288 mensurari.
651 1232 733 1289 Terra
758 1235 889 1304 siquidem
939 1235 1019 1301 linea,
1035 1233 1211 1307 geographica
1225 1234 1418 1305 speculatione,
1434 1248 1483 1303 per
1498 1231 1638 1289 cacumina
1655 1231 1734 1288 altis·

96 1337 150 1383 non
162 1319 253 1375 solum
270 1321 403 1390 grauitate
427 1322 563 1390 ponderis,
584 1338 678 1377 rerum
706 1324 787 1379 etiam
808 1338 889 1380 causa
939 1329 1070 1387 simorum
1081 1328 1211 1383 montium
1224 1327 1373 1383 mensurari
1385 1326 1396 1358 ¹
1410 1326 1560 1390 existiman
1573 1316 1733 1380 atteienim

96 1388 301 1480 inaequalitatis
323 1412 441 1481 partium
464 1425 573 1466 suarum
592 1413 713 1468 iullmum
735 1415 761 1469 in
786 1415 890 1471 naturis
939 1417 1219 1474 circularisdimeusio
1231 1415 1333 1471 telluris
1342 1431 1394 1469 non
1404 1402 1588 1487 provenirerl.
1598 1404 1673 1470 busa.
1685 1410 1734 1470 Sat

95 1504 216 1573 possidet
238 1503 336 1558 iocum.
366 1501 518 1557 Similitudo
541 1519 656 1573 namque
683 1507 799 1575 partium
825 1506 891 1560 tacit
940 1510 974 1565 de
987 1508 1029 1563 bis
1041 1516 1081 1562 est
1096 1515 1194 1562 actum.
1207 1502 1277 1563 blan
1288 1504 1440 1561 Redeamus
1454 1507 1544 1577 itaque
1563 1505 1596 1560 ad
1608 1490 1735 1574 Scriptu-

95 1578 219 1649 drdiuem
231 1593 442 1659 eleureatorum;
455 1594 584 1648 similiora
596 1596 667 1649 errim
681 1595 731 1649 sibi
742 1597 798 1650 suis
809 1597 817 1627 ¹
828 1611 891 1664 par·
940 1617 1009 1656 ram.
1021 1598 1093 1654 Iliso.
1107 1595 1224 1667 Tempus
1238 1596 1343 1652 lurion.
1356 1594 1426 1650 ure.
1438 1592 1463 1648 F
1464 1596 1529 1660 inat,
1542 1586 1638 1666 inquit,
1658 1593 1736 1648 iumi-

98 1682 179 1746 tibus,
195 1681 294 1736 altiora
308 1690 373 1737 siunt
384 1683 465 1738 etiam
476 1683 532 1739 suis
542 1684 658 1739 sedibus.
670 1683 738 1741 ltro.
755 1685 890 1743 Fortassis
941 1692 1016 1744 nomo
1027 1690 1054 1742 ia
1067 1672 1231 1756 firmamento
1245 1685 1320 1755 caeli,
1331 1695 1355 1741 et
1366 1686 1484 1741 dividunt
1498 1682 1568 1739 diem
1581 1703 1612 1741 oc
1624 1696 1734 1739 noctem.

96 1786 159 1854 ergo
178 1786 313 1841 corporeo
329 1772 408 1827 visu?
423 1774 495 1829 Drsu.
509 1773 548 1827 Ne
560 1775 585 1828 id
596 1775 703 1845 quidem
715 1791 723 1841 ;
740 1756 890 1832 tidise'mh
939 1782 979 1841 Ac
991 1783 1014 1835 si
1027 1781 1107 1850 plane
1119 1780 1254 1835 diceretur
1266 1794 1272 1832 :
1284 1778 1516 1847 luminaria,quae
1529 1777 1555 1832 ln
1566 1774 1736 1833 firmamento

95 1880 211 1931 seusus,
241 1863 353 1934 eiusque
371 1863 473 1933 judicio
499 1865 566 1920 nihil
592 1874 634 1921 est
657 1866 888 1923 cotnmlllendum·
941 1874 1007 1931 caeli
1026 1885 1084 1929 actu
1094 1864 1649 1937 sunt,dividantimersediemacno'ctem.
1659 1864 1737 1935 Quod

95 1944 228 2033 exterior
245 1953 378 2023 siquidem
402 1968 506 2017 seusus,
526 1969 650 2023 quamvis
670 1956 766 2010 rationi
781 1972 833 2011 uon
849 1971 891 2011 re·
905 1980 928 2039 B
942 1958 1735 2029 Psalmistadeclarat,diceus:Quiseeitlumiaoriomnpno,

96 2043 226 2108 tturitiat,
249 2044 299 2099 nisi
323 2046 392 2116 quod
413 2046 582 2100 extrinsecus
597 2045 699 2117 patitur
715 2047 737 2112 ¹,
753 2048 891 2104 interioris
941 2053 1055 2111 solemia
1061 2061 1212 2120 potestatem
1223 2048 1285 2113 diet,
1299 2047 1387 2102 lunam
1402 2058 1426 2102 et
1439 2047 1528 2103 atellua
1542 2046 1569 2102 itt
1583 2044 1736 2120 potestatem

97 2145 191 2197 tamen
207 2134 338 2206 judicium
360 2137 391 2190 de
415 2137 467 2199 his.
495 2153 565 2206 quae
591 2153 638 2208 per
664 2153 761 2209 corpus
784 2139 890 2207 recipit,
942 2143 1033 2199 noctis.
1047 2138 1105 2197 Non
1119 2142 1189 2210 quod
1200 2139 1347 2194 diesetuox
1357 2152 1464 2208 semper
1474 2137 1667 2193 norisintcirca
1679 2152 1738 2193 am·

96 2227 259 2296 saepissime
273 2225 284 2259 ⁸
296 2225 407 2289 fallitur.
421 2225 538 2284 fractum
550 2228 578 2282 in
592 2244 661 2298 aqua
676 2244 793 2294 remum,
806 2228 892 2300 dupli·
941 2234 1026 2288 bitum
1038 2230 1151 2292 telluris,
1163 2227 1210 2284 sed
1219 2226 1302 2307 quod,
1317 2226 1470 2296 ubicunque
1482 2224 1522 2280 sol
1541 2226 1669 2300 praeseus
1683 2232 1735 2292 est,

96 2333 153 2373 cern
168 2316 260 2371 luuram
272 2333 319 2373 seu
332 2317 484 2383 candelam,
499 2334 546 2372 seu
558 2318 629 2373 aliud
642 2318 706 2390 quid
720 2334 768 2389 per
780 2336 893 2390 praera·
942 2320 1220 2396 semperillumiuaudi
1228 2326 1387 2389 potestatem
1395 2316 1533 2383 babet;trbi
1542 2314 1737 2371 autemabseus

99 2408 256 2465 ιῑιιῑὶθιιϋῐῐι
270 2424 376 2468 seusus·
387 2409 438 2463 ¹¹0⁰
449 2416 499 2471 θθῑι
516 2424 564 2479 bel
580 2409 726 2474 ιιιΙῑθιιιιιι,
740 2410 785 2481 qui
801 2426 833 2465 ex
844 2427 894 2481 pu·
943 2426 994 2481 est,
1009 2414 1090 2471 lunae
1106 2412 1297 2481 stellarumque
1316 2408 1442 2483 splendor
1463 2409 1619 2464 umbrarum
1640 2406 1736 2481 ealigi-

97 2499 315 2567 piltisoeulorum
326 2507 498 2569 sparguntur,
507 2499 721 2570 segregationem
729 2500 893 2569 geminatum
944 2524 1015 2571 nem,
1031 2521 1066 2562 ue
1077 2505 1188 2560 omniuo
1201 2500 1358 2558 animalium
1373 2500 1511 2557 obtutibus
1526 2494 1739 2569 impenetrabilis

98 2590 265 2645 θῑῑιῑῑιιιθῦδ·
288 2588 357 2644 Mefl-
372 2588 510 2657 0⁰⁰¹¹¹⁰¹¹⁰
526 2604 590 2660 ⁰¹8⁰
608 2588 805 2644 medebimur?
821 2588 892 2645 ⁰¹⁸0·
944 2576 994 2658 sit.
1022 2610 1111 2652 raram
1135 2594 1330 2664 lugubremque
1353 2590 1427 2647 lacit,
1443 2586 1478 2645 m
1499 2590 1552 2647 rint
1575 2591 1603 2645 iu
1617 2590 1693 2661 ripun
1714 2594 1737 2642 et

98 2674 176 2753 Virga
184 2679 404 2750 prius,utaiuut,
411 2679 584 2751 geometrica,
596 2678 777 2748 quamGraeei
791 2679 894 2734 radium
945 2696 1073 2755 tempora,
1087 2694 1110 2739 et
1126 2685 1181 2738 dier
1200 2693 1224 2739 et
1247 2699 1341 2737 annor.
1357 2680 1439 2753 Signa
1456 2679 1630 2752 intelligimus
1645 2680 1672 2734 iu
1687 2674 1739 2735 ho'e

98 2770 616 2843 tucrumquaequinquepassuscubico
623 2780 695 2824 mutu
704 2769 894 2842 multiplicans.
946 2777 1005 2833 loeo
1020 2792 1072 2831 rron
1087 2777 1176 2832 sidera
1186 2817 1193 2839 ,
1205 2776 1252 2831 sed
1267 2774 1406 2846 praesagia
1420 2772 1552 2843 quaedam
1572 2770 1679 2826 loturae
1693 2786 1738 2826 se-

101 2861 147 2915 boc
163 2872 204 2918 est
224 2862 370 2933 quinquies
381 2861 498 2931 quinque
510 2860 669 2931 quinquies,
683 2877 765 2915 unum
777 2862 896 2916 stadium
946 2867 1085 2931 renitatis,
1100 2880 1147 2920 seu
1172 2863 1355 2935 tempestatum
1373 2877 1443 2933 quae
1458 2862 1576 2916 maxime
1590 2877 1625 2917 cx
1638 2856 1738 2916 colori·

101 2957 283 3031 mmm
302 2950 364 3009 [¹¹¹⁰
382 2960 472 3007 ³⁰¹⁰¹¹¹
490 2951 577 3007 ⁸¹²ffl⁰
593 2962 710 3021 ‘illelmi
731 2951 810 3006 filcile
822 2960 893 3016 01³2,
946 2959 996 3014 bus
1015 2954 1171 3011 caelestium
1196 2953 1369 3010 luminarlum
1394 2949 1482 3006 solent
1498 2949 1607 3007 'habere
1629 2950 1737 3019 experi-

101 3047 178 3103 multa
188 3048 278 3104 stadia
290 3062 338 3117 per
348 3046 426 3117 planu
437 3045 561 3117 Aegypti,
576 3061 645 3115 quae
657 3054 744 3101 mater
755 3044 848 3101 talium
857 3044 896 3099 di·
946 3055 1078 3102 mentum.
1092 3042 1225 3113 Tempora
1246 3053 1335 3097 autem
1356 3038 1435 3096 uoca't
1455 3039 1618 3110 generaliter
1638 3056 1737 3099 cursus

100 3141 268 3209 mendorum
281 3138 388 3201 dicitur,
406 3137 537 3193 invenire.
556 3136 625 3191 blac.
641 3134 779 3203 Quomodo
790 3143 895 3204 praeter
945 3148 975 3195 et
998 3136 1102 3193 reditus
1117 3134 1253 3199 siderum,
1268 3132 1351 3189 certis
1366 3136 1502 3188 morarum
1517 3128 1685 3217 interranis,
1703 3120 1738 3187 ad

99 3232 250 3305 Aegyptum
275 3239 364 3287 terrae
396 3240 509 3303 partes,
540 3238 614 3285 tanta
644 3229 836 3300 inaequalitate
859 3228 894 3284 ad
947 3230 1062 3288 eundem
1081 3238 1184 3284 motum
1202 3227 1339 3296 situmque
1352 3224 1473 3281 locorum
1487 3220 1577 3278 diuina
1592 3222 1738 3293 providen-

100 3322 313 3384 mensurandum
328 3319 458 3388 difficiles,
473 3321 669 3394 explorabant?
688 3322 759 3377 bisc.
778 3320 849 3385 Non,
864 3325 931 3391 utc
947 3322 981 3377 tia
998 3330 1138 3381 reuocatos
1157 3315 1273 3394 naturali
1296 3317 1400 3371 dierum
1424 3313 1609 3384 annorumque
1632 3308 1740 3394 revolut-

99 3414 187 3476 aiunt,
204 3414 328 3485 pedibus,
344 3427 428 3485 neque
441 3413 532 3468 radiis.
550 3414 596 3468 sed
612 3413 669 3469 sola
686 3413 799 3468 rationis
809 3427 892 3484 argu·
944 3412 1027 3468 tione.
1047 3407 1081 3465 Ει
1095 3410 1199 3464 luceant
1213 3405 1239 3460 iu
1253 3403 1418 3476 lirmumento
1432 3401 1507 3458 coeli.
1524 3398 1662 3475 Siquidem
1678 3399 1737 3456 nul·

101 3498 282 3561 mentatione,
295 3497 437 3566 horologiis
454 3497 588 3560 videlieet,
600 3512 636 3551 ex
646 3497 802 3551 umbrarum
817 3494 893 3550 simi·
944 3489 999 3556 tuin
1015 3501 1091 3558 sirius
1104 3498 1238 3554 deiectum
1252 3496 1292 3552 sui
1311 3494 1422 3550 luminis
1445 3495 1555 3565 patitur,
1570 3494 1616 3551 sed
1630 3489 1737 3565 sempe't‘·

100 3585 225 3656 libidine,
244 3586 410 3661 singularum
425 3589 543 3659 partium
557 3588 784 3658 intercapedinem
800 3587 894 3643 irrcun-
910 3609 913 3615 ’
944 3592 1034 3648 omnia
1048 3590 1077 3645 in
1092 3586 1225 3644 aethereis
1240 3583 1336 3656 spatiis
1345 3587 1446 3656 absque
1463 3584 1516 3640 ulla
1531 3583 1737 3640 obumbratione

104 3693 207 3739 stanter
227 3681 406 3738 invenientes.
427 3681 542 3735 Tautrmr
559 3694 674 3749 namque
689 3695 740 3733 una
756 3695 829 3749 pars,
841 3678 893 3734 hoe
943 3683 1089 3755 reiulgent,
1101 3692 1214 3752 excepto
1225 3681 1305 3736 lunae
1317 3678 1406 3753 globo,
1419 3680 1475 3751 qui,
1487 3681 1594 3750 quaudo
1608 3679 1634 3734 in
1651 3680 1739 3750 regio-

103 3761 163 3843 Ιεει,
185 3773 362 3846 quotidianus
384 3771 448 3827 solis
473 3772 500 3827 iu
528 3769 656 3843 signifero
678 3786 838 3842 ιιιιιιιιιιιιι
866 3768 893 3824 in
944 3779 1005 3832 irem
1018 3776 1130 3831 umbrae
1140 3773 1289 3837 descernit,
1303 3772 1383 3828 solari
1398 3771 1474 3829 radio
1484 3772 1618 3835 desertus,
1629 3768 1738 3826 videtui·

103 3875 171 3938 *terra
187 3875 274 3938 patet,
289 3873 419 3935 quantum
431 3862 578 3917 similitudo
591 3862 747 3916 umbrarum
761 3859 892 3929 horologii
944 3863 1094 3920 obscurari.
1108 3861 1255 3931 Propterea
1270 3858 1308 3913 alt
1323 3876 1330 3914 z
1346 3857 1380 3912 m
1401 3857 1503 3912 liceant
1524 3857 1552 3912 ia
1570 3855 1736 3926 firoromeetti

106 3955 214 4012 obtinet.
232 3954 303 4011 ldae.
313 3953 495 4009 Latitudinem
506 3967 570 4023 ergo
582 3951 697 4021 partium
708 3959 737 4005 et
746 3951 894 4005 stadiorum
944 3953 1019 4018 caeli,
1031 3963 1054 4007 et
1068 3951 1213 4007 illuminent
1227 3957 1333 4002 terrare.
1349 3945 1384 4002 m
1398 3945 1498 4017 {ortum
1511 3953 1548 4000 ert
1562 3946 1599 4000 ito
1610 3945 1655 4001 :in
1669 3960 1735 4001 cau·

106 4060 140 4101 ex
152 4060 349 4115 auersumque
362 4052 462 4098 terram
474 4041 625 4111 attingunt,
637 4039 806 4110 colligebant.
819 4040 892 4094 bisc.
944 4045 983 4099 sis
996 4040 1120 4096 videlicet
1133 4035 1326 4109 originalibus,
1339 4049 1372 4093 ex
1386 4034 1483 4107 quibus
1505 4035 1533 4092 ln
1556 4035 1660 4107 species
1673 4045 1736 4109 pro·-

108 4133 160 4191 llec
171 4135 210 4192 aie
223 4135 433 4199 existimalrant3
450 4132 495 4187 sed
509 4132 624 4202 primum
635 4129 779 4186 altissimos
790 4137 894 4185 montes
945 4133 1034 4204 prins,
1057 4141 1085 4187 et
1105 4130 1288 4202 quantitates,
1303 4137 1332 4184 et
1353 4128 1516 4196 intervalla,
1540 4138 1568 4184 et
1589 4133 1738 4194 malasci

108 4233 301 4288 mensurantes,
317 4230 383 4292 quot
397 4219 514 4277 millibus
526 4220 675 4275 stadiorum
688 4235 722 4274 ex
738 4229 825 4273 terrae
837 4218 894 4289 pla·
945 4222 1102 4294 splendores
1125 4222 1292 4289 processere.
1303 4213 1441 4273 Proinde·
1451 4218 1573 4288 sequitur
1587 4218 1614 4272 ln
1628 4215 1734 4286 species

107 4314 169 4370 nitie
182 4317 208 4371 in
225 4315 309 4370 altram
324 4314 509 4384 erigerentur;
529 4310 602 4367 uerbi
628 4310 715 4383 gratia
739 4309 892 4380 Olympum,
944 4321 1089 4368 causarum
1103 4308 1252 4379 processio.
1266 4305 1390 4379 Fecitpoe
1402 4305 1471 4361 liene
1484 4306 1537 4361 duo
1550 4319 1645 4375 mappa
1658 4303 1737 4359 lutul-

108 4402 318 4471 cuiusverticem
330 4405 422 4460 decem
434 4401 551 4457 millibus
562 4401 710 4456 stadromm
732 4398 895 4454 ‘autumant
945 4402 1032 4466 nomn,
1046 4397 1175 4453 luminare
1189 4397 1287 4467 moine,
1301 4406 1329 4450 ut
1341 4405 1470 4466 prueearet
1481 4396 1544 4461 diei,
1560 4394 1644 4450 'solem
1656 4391 1734 4449 rldb²

106 4493 253 4564 bublimari,
263 4497 388 4562 Pindum,
404 4491 560 4565 Rhodopen,
574 4493 786 4556 Acroceraunia,
801 4491 894 4546 Atlan·
944 4491 1026 4556 lieet,
1041 4488 1118 4559 culus
1136 4487 1288 4558 praesentia
1309 4486 1381 4541 diem
1393 4481 1489 4552 edicit,
1502 4495 1527 4540 et
1540 4484 1669 4540 lumlant‘e
1683 4483 1735 4540 mi·

110 4593 169 4653 tem,
190 4587 274 4644 veluti
296 4587 397 4641 lineam
422 4584 555 4655 quandam
580 4579 733 4637 rationabili
758 4583 839 4635 doctu
861 4579 894 4635 de
945 4597 1009 4644 aar,
1032 4580 1125 4635 lunam
1148 4577 1262 4643 dlcit¹',
1277 4577 1354 4649 culus
1377 4586 1405 4633 et
1420 4578 1558 4649 quamtitas
1576 4584 1604 4634 et
1622 4577 1669 4634 luh
1691 4579 1734 4634 itt²

105 4675 304 4734 ‘summitatibus
324 4675 454 4731 montium
473 4674 501 4728 ln
520 4674 591 4729 aeris
608 4671 694 4742 spatia
709 4678 892 4741 porrectorum
908 4667 931 4729 D
945 4668 1163 4740 comparabiliter
1181 4681 1197 4722 a
1212 4666 1269 4723 sole
1288 4675 1444 4739 superatur,
1459 4677 1486 4721 ιι
1498 4678 1630 4739 praeesset
1651 4667 1732 4724 norit.

109 4767 251 4821 extendere
276 4763 453 4829 inchoabant,
479 4775 593 4830 eamque
618 4760 723 4830 aequali
745 4773 854 4829 semper
876 4771 893 4813 a
947 4759 1021 4816 Luna
1048 4758 1181 4830 siquidem
1196 4758 1229 4813 ab
1242 4767 1337 4814 octava
1359 4774 1445 4829 usqne
1465 4759 1500 4814 ad
1514 4758 1670 4815 rioesimsm
1690 4759 1736 4814 te¹⁴

106 4858 178 4909 terra
190 4850 345 4917 intervallo,
358 4851 444 4907 instar
460 4849 646 4906 rotundissimi
661 4849 764 4916 circuli,
779 4850 894 4906 circum·
946 4849 1082 4914 condam,
1105 4856 1152 4902 aut
1174 4856 1259 4903 totam
1279 4857 1385 4903 noctem
1410 4849 1483 4904 eirca
1504 4845 1682 4918 plenilunium
1705 4849 1734 4904 in

112 4939 234 5007 terentes,
256 4942 342 4999 donec
361 4942 395 4997 ad
418 4941 532 4998 eundem
556 4941 654 5005 iocum,
680 4955 734 5012 quo
746 4951 893 5013 coeperat,
946 4941 1136 5013 aequinoctiis,
1149 4937 1484 5012 *autpertemeiuseeierls
1496 4939 1662 5012 temporibus
1675 4938 1737 4996 illm

112 5035 268 5100 perveniret,
283 5035 509 5105 aequisundique
526 5034 620 5103 spatiis
635 5032 738 5088 telluris
761 5035 893 5089 asabitum
946 5031 1364 5101 minat.01mniamrero,dum
1386 5033 1422 5090 sit
1445 5034 1473 5090 in
1497 5035 1569 5090 coitu
1592 5031 1672 5099 solit,
1688 5029 1736 5091 aur

114 5123 208 5179 ruentis
223 5124 340 5180 emunito
355 5137 526 5194 perspexere.
545 5124 615 5179 liin.
632 5124 817 5179 birneusinnes
829 5139 893 5194 geo·
945 5125 1011 5182 binc
1028 5126 1089 5182 inde
1101 5125 1261 5197 propinquis
1279 5124 1417 5196 partibus,
1434 5125 1523 5181 noctis
1535 5123 1661 5180 tenebras
1672 5122 1736 5180 lueb

114 5212 235 5269 metriom
247 5213 343 5270 talihm
354 5214 520 5283 argumentis
535 5214 573 5269 ita
595 5214 684 5284 primo
704 5223 825 5284 repertas
840 5229 894 5271 nou
944 5233 995 5273 sua
1011 5227 1154 5289 penetrare
1167 5233 1221 5274 nnn
1236 5220 1350 5284 sinitur,
1366 5219 1527 5274 sirecurrunt
1542 5216 1650 5281 stellae,
1665 5229 1734 5286 qna·

115 5304 326 5361 contradixerim.
345 5305 385 5362 Ae
399 5319 448 5374 per
462 5306 512 5360 hoc
532 5303 619 5359 staria
640 5302 695 5369 ilia,
719 5317 789 5374 quae
809 5317 894 5376 prope
945 5323 1006 5363 rum
1018 5308 1143 5363 claritate
1152 5309 1309 5364 umbrarum
1318 5308 1439 5364 densitas
1453 5307 1575 5362 remum
1586 5306 1734 5377 Propteret

115 5395 210 5451 larua
235 5395 318 5453 velati
339 5373 647 5469 tuM-mter,
667 5396 794 5468 paulatim
813 5397 891 5465 juxta
943 5398 1013 5454 dixit
1024 5399 1063 5454 ¹¹:
1079 5408 1103 5453 er
1115 5397 1246 5456 temtum
1253 5399 1351 5468 mian,
1363 5401 1533 5470 mprseieret
1544 5396 1624 5464 poeti,
1639 5404 1663 5451 et
1676 5392 1735 5450 otei:

750 5558 875 5650 tenue
888 5592 1093 5653 tucrronus

119 5799 123 5806 ·
152 5779 341 5837 ‘ameum
378 5776 570 5840 'hostiatim
608 5776 758 5842 ’tempe
796 5773 955 5832 ‘Crtudiie
1001 5772 1451 5830 'odmmrnramtmreomh
1489 5773 1650 5838 ‘etomrb
1685 5775 1735 5836 'A

119 5853 325 5910 musandum.
361 5845 560 5920 ‘Cprooeaiet
598 5843 822 5917 ’streperem
860 5847 882 5881 ¹⁶
898 5843 923 5904 Δ
939 5848 1031 5903 lunam
1050 5841 1167 5902 uidelicet
1186 5845 1259 5924 dicit.
1299 5842 1319 5875 ¹¹
1338 5845 1361 5901 h
1379 5841 1452 5904 dicit·
