<?xml version="1.0" encoding="UTF-8"?>
<!DOCTYPE html PUBLIC "-//W3C//DTD XHTML 1.0 Transitional//EN"
    "http://www.w3.org/TR/xhtml1/DTD/xhtml1-transitional.dtd">
<html xmlns="http://www.w3.org/1999/xhtml" xml:lang="en" lang="en">
 <head>
  <title>
</title>
<meta http-equiv="Content-Type" content="text/html;charset=utf-8" />
  <meta name='ocr-system' content='tesseract 3.04.00' />
  <meta name='ocr-capabilities' content='ocr_page ocr_carea ocr_par ocr_line ocrx_word'/>
</head>
<body>
  <div class='ocr_page' id='page_1' title='image "./operaquaesupers01flosgoog_0225.png"; bbox 0 0 4167 6625; ppageno 0'>
   <div class='ocr_carea' id='block_1_1' title="bbox 150 309 1782 382">
    <p class='ocr_par' dir='ltr' id='par_1_1' title="bbox 150 309 1782 382">
     <span class='ocr_line' id='line_1_1' title="bbox 150 309 1782 382; baseline 0.002 -8"><span class='ocrx_word' id='word_1_1' title='bbox 150 320 206 382; x_wconf 71' lang='grc'><strong>369</strong></span> <span class='ocrx_word' id='word_1_2' title='bbox 698 318 798 377; x_wconf 73' lang='lat' dir='ltr'><strong>trusit</strong></span> <span class='ocrx_word' id='word_1_3' title='bbox 818 313 862 373; x_wconf 80' lang='lat' dir='ltr'><strong>bii</strong></span> <span class='ocrx_word' id='word_1_4' title='bbox 879 309 1238 372; x_wconf 73' lang='lat' dir='ltr'><strong>runebesttitnrturtti.</strong></span> <span class='ocrx_word' id='word_1_5' title='bbox 1728 315 1782 378; x_wconf 76' lang='grc'><strong>570</strong></span> 
     </span>
    </p>
   </div>
   <div class='ocr_carea' id='block_1_2' title="bbox 144 430 1819 5243">
    <p class='ocr_par' dir='ltr' id='par_1_2' title="bbox 144 430 1819 5243">
     <span class='ocr_line' id='line_1_2' title="bbox 152 430 1780 521; baseline -0.006 -20"><span class='ocrx_word' id='word_1_6' title='bbox 152 439 324 501; x_wconf 88' lang='lat' dir='ltr'><strong>sericordiae</strong></span> <span class='ocrx_word' id='word_1_7' title='bbox 337 446 419 508; x_wconf 89' lang='lat' dir='ltr'><strong>atque</strong></span> <span class='ocrx_word' id='word_1_8' title='bbox 429 433 560 507; x_wconf 82' lang='lat' dir='ltr'><strong>justitiae.</strong></span> <span class='ocrx_word' id='word_1_9' title='bbox 575 437 633 493; x_wconf 90' lang='lat' dir='ltr'><strong>lina</strong></span> <span class='ocrx_word' id='word_1_10' title='bbox 647 434 779 521; x_wconf 59' lang='lat' dir='ltr'><strong>siquiden</strong></span> <span class='ocrx_word' id='word_1_11' title='bbox 791 438 941 506; x_wconf 86' lang='lat' dir='ltr'><strong>eademque</strong></span> <span class='ocrx_word' id='word_1_12' title='bbox 954 440 980 499; x_wconf 78' lang='lat' dir='ltr'>A</span> <span class='ocrx_word' id='word_1_13' title='bbox 994 433 1093 490; x_wconf 78' lang='lat' dir='ltr'><strong>tabili&#39;</strong></span> <span class='ocrx_word' id='word_1_14' title='bbox 1113 442 1221 488; x_wconf 87' lang='lat' dir='ltr'><strong>aeterna</strong></span> <span class='ocrx_word' id='word_1_15' title='bbox 1241 430 1486 501; x_wconf 72' lang='lat' dir='ltr'><strong>praedestinatione</strong></span> <span class='ocrx_word' id='word_1_16' title='bbox 1506 431 1614 490; x_wconf 84' lang='lat' dir='ltr'><strong>divinae</strong></span> <span class='ocrx_word' id='word_1_17' title='bbox 1634 437 1780 492; x_wconf 77' lang='lat' dir='ltr'><strong>uoluntatis</strong></span> 
     </span>
     <span class='ocr_line' id='line_1_3' title="bbox 153 522 1780 608; baseline -0.005 -18"><span class='ocrx_word' id='word_1_18' title='bbox 153 529 407 608; x_wconf 74' lang='lat' dir='ltr'><strong>praedestinatione</strong></span> <span class='ocrx_word' id='word_1_19' title='bbox 430 543 478 583; x_wconf 87' lang='lat' dir='ltr'><strong>sua</strong></span> <span class='ocrx_word' id='word_1_20' title='bbox 491 530 563 585; x_wconf 80' lang='lat' dir='ltr'><strong>lictis</strong></span> <span class='ocrx_word' id='word_1_21' title='bbox 573 529 661 600; x_wconf 83' lang='lat' dir='ltr'><strong>justus</strong></span> <span class='ocrx_word' id='word_1_22' title='bbox 673 537 701 584; x_wconf 92' lang='lat' dir='ltr'><strong>ct</strong></span> <span class='ocrx_word' id='word_1_23' title='bbox 713 529 878 593; x_wconf 79' lang='lat' dir='ltr'><strong>misericors,</strong></span> <span class='ocrx_word' id='word_1_24' title='bbox 891 542 941 597; x_wconf 90' lang='lat' dir='ltr'><strong>po·</strong></span> <span class='ocrx_word' id='word_1_25' title='bbox 994 522 1283 594; x_wconf 87' lang='lat' dir='ltr'><strong>omnipotentissimae,</strong></span> <span class='ocrx_word' id='word_1_26' title='bbox 1294 537 1364 591; x_wconf 85' lang='lat' dir='ltr'><strong>qnae</strong></span> <span class='ocrx_word' id='word_1_27' title='bbox 1379 538 1514 593; x_wconf 86' lang='lat' dir='ltr'><strong>rrunquam</strong></span> <span class='ocrx_word' id='word_1_28' title='bbox 1527 541 1713 597; x_wconf 79' lang='lat' dir='ltr'><strong>nusquamque</strong></span> <span class='ocrx_word' id='word_1_29' title='bbox 1727 526 1780 582; x_wconf 88' lang='lat' dir='ltr'><strong>lal-</strong></span> 
     </span>
     <span class='ocr_line' id='line_1_4' title="bbox 153 611 1780 691; baseline -0.006 -9"><span class='ocrx_word' id='word_1_30' title='bbox 153 637 221 683; x_wconf 89' lang='lat' dir='ltr'><strong>tens</strong></span> <span class='ocrx_word' id='word_1_31' title='bbox 233 625 259 678; x_wconf 92' lang='lat' dir='ltr'><strong>in</strong></span> <span class='ocrx_word' id='word_1_32' title='bbox 273 620 408 684; x_wconf 90' lang='lat' dir='ltr'><strong>omnibns,</strong></span> <span class='ocrx_word' id='word_1_33' title='bbox 420 618 551 674; x_wconf 84' lang='lat' dir='ltr'><strong>demessa</strong></span> <span class='ocrx_word' id='word_1_34' title='bbox 573 619 680 677; x_wconf 87' lang='lat' dir='ltr'><strong>bomani</strong></span> <span class='ocrx_word' id='word_1_35' title='bbox 693 620 810 691; x_wconf 86' lang='lat' dir='ltr'><strong>gene&#39;ris,</strong></span> <span class='ocrx_word' id='word_1_36' title='bbox 823 618 942 689; x_wconf 86' lang='lat' dir='ltr'><strong>originn·</strong></span> <span class='ocrx_word' id='word_1_37' title='bbox 993 615 1069 680; x_wconf 88' lang='lat' dir='ltr'><strong>litor,</strong></span> <span class='ocrx_word' id='word_1_38' title='bbox 1091 615 1211 670; x_wconf 87' lang='lat' dir='ltr'><strong>tractari.</strong></span> <span class='ocrx_word' id='word_1_39' title='bbox 1234 611 1286 667; x_wconf 89' lang='lat' dir='ltr'><strong>Sed</strong></span> <span class='ocrx_word' id='word_1_40' title='bbox 1312 614 1345 668; x_wconf 91' lang='lat' dir='ltr'><strong>de</strong></span> <span class='ocrx_word' id='word_1_41' title='bbox 1372 615 1538 684; x_wconf 73' lang='lat' dir='ltr'><strong>proprietate</strong></span> <span class='ocrx_word' id='word_1_42' title='bbox 1552 614 1624 670; x_wconf 89' lang='lat' dir='ltr'><strong>illios</strong></span> <span class='ocrx_word' id='word_1_43' title='bbox 1649 616 1780 683; x_wconf 77' lang='lat' dir='ltr'><strong>onereris,</strong></span> 
     </span>
     <span class='ocr_line' id='line_1_5' title="bbox 150 702 1781 788; baseline -0.004 -18"><span class='ocrx_word' id='word_1_44' title='bbox 150 715 219 770; x_wconf 86' lang='lat' dir='ltr'><strong>liter</strong></span> <span class='ocrx_word' id='word_1_45' title='bbox 237 714 262 767; x_wconf 94' lang='lat' dir='ltr'><strong>in</strong></span> <span class='ocrx_word' id='word_1_46' title='bbox 276 708 393 772; x_wconf 87' lang='lat' dir='ltr'><strong>cunetis,</strong></span> <span class='ocrx_word' id='word_1_47' title='bbox 420 719 535 778; x_wconf 85' lang='lat' dir='ltr'><strong>excepto</strong></span> <span class='ocrx_word' id='word_1_48' title='bbox 549 709 667 774; x_wconf 86' lang='lat' dir='ltr'><strong>Cirristo,</strong></span> <span class='ocrx_word' id='word_1_49' title='bbox 683 710 789 774; x_wconf 84' lang='lat' dir='ltr'><strong>vitiata,</strong></span> <span class='ocrx_word' id='word_1_50' title='bbox 811 708 943 779; x_wconf 89' lang='lat' dir='ltr'><strong>quosdam</strong></span> <span class='ocrx_word' id='word_1_51' title='bbox 994 719 1133 775; x_wconf 81' lang='lat' dir='ltr'><strong>quaecum</strong></span> <span class='ocrx_word' id='word_1_52' title='bbox 1147 704 1260 770; x_wconf 86' lang='lat' dir='ltr'><strong>lacerat,</strong></span> <span class='ocrx_word' id='word_1_53' title='bbox 1274 703 1348 773; x_wconf 88' lang='lat' dir='ltr'><strong>prius</strong></span> <span class='ocrx_word' id='word_1_54' title='bbox 1360 702 1514 761; x_wconf 90' lang='lat' dir='ltr'><strong>dicendum.</strong></span> <span class='ocrx_word' id='word_1_55' title='bbox 1527 705 1601 763; x_wconf 83' lang='lat' dir='ltr'><strong>Haec</strong></span> <span class='ocrx_word' id='word_1_56' title='bbox 1609 708 1696 788; x_wconf 63' lang='lat' dir='ltr'><strong>igitur</strong></span> <span class='ocrx_word' id='word_1_57' title='bbox 1715 709 1781 764; x_wconf 89' lang='lat' dir='ltr'><strong>bae·</strong></span> 
     </span>
     <span class='ocr_line' id='line_1_6' title="bbox 148 794 1783 875; baseline 0.002 -22"><span class='ocrx_word' id='word_1_58' title='bbox 148 802 246 875; x_wconf 78' lang='lat' dir='ltr'><strong>etegit,</strong></span> <span class='ocrx_word' id='word_1_59' title='bbox 259 798 360 871; x_wconf 87' lang='lat' dir='ltr'><strong>quibus</strong></span> <span class='ocrx_word' id='word_1_60' title='bbox 375 798 487 852; x_wconf 90' lang='lat' dir='ltr'><strong>daturus</strong></span> <span class='ocrx_word' id='word_1_61' title='bbox 498 797 596 864; x_wconf 89' lang='lat' dir='ltr'><strong>luerat,</strong></span> <span class='ocrx_word' id='word_1_62' title='bbox 609 799 680 868; x_wconf 91' lang='lat' dir='ltr'><strong>quod</strong></span> <span class='ocrx_word' id='word_1_63' title='bbox 695 813 709 853; x_wconf 94' lang='lat' dir='ltr'><strong>a</strong></span> <span class='ocrx_word' id='word_1_64' title='bbox 724 799 878 869; x_wconf 87' lang='lat' dir='ltr'><strong>semetipsis</strong></span> <span class='ocrx_word' id='word_1_65' title='bbox 890 813 943 851; x_wconf 92' lang='lat' dir='ltr'><strong>non</strong></span> <span class='ocrx_word' id='word_1_66' title='bbox 995 797 1063 852; x_wconf 83' lang='lat' dir='ltr'><strong>reris</strong></span> <span class='ocrx_word' id='word_1_67' title='bbox 1074 794 1279 861; x_wconf 87' lang='lat' dir='ltr'><strong>Gotescaieaua,</strong></span> <span class='ocrx_word' id='word_1_68' title='bbox 1294 795 1317 849; x_wconf 94' lang='lat' dir='ltr'><strong>si</strong></span> <span class='ocrx_word' id='word_1_69' title='bbox 1332 794 1377 850; x_wconf 91' lang='lat' dir='ltr'><strong>tali</strong></span> <span class='ocrx_word' id='word_1_70' title='bbox 1393 796 1502 851; x_wconf 90' lang='lat' dir='ltr'><strong>nomine</strong></span> <span class='ocrx_word' id='word_1_71' title='bbox 1515 805 1604 867; x_wconf 86' lang='lat' dir='ltr'><strong>potest</strong></span> <span class='ocrx_word' id='word_1_72' title='bbox 1625 800 1725 865; x_wconf 80' lang='lat' dir='ltr'><strong>vocari,</strong></span> <span class='ocrx_word' id='word_1_73' title='bbox 1742 800 1783 856; x_wconf 94' lang='lat' dir='ltr'><strong>in·</strong></span> 
     </span>
     <span class='ocr_line' id='line_1_7' title="bbox 148 884 1781 958; baseline -0.005 -7"><span class='ocrx_word' id='word_1_74' title='bbox 148 891 290 957; x_wconf 85' lang='lat' dir='ltr'><strong>babituri,</strong></span> <span class='ocrx_word' id='word_1_75' title='bbox 308 888 334 946; x_wconf 94' lang='lat' dir='ltr'><strong>id</strong></span> <span class='ocrx_word' id='word_1_76' title='bbox 360 897 412 954; x_wconf 89' lang='lat' dir='ltr'><strong>est,</strong></span> <span class='ocrx_word' id='word_1_77' title='bbox 438 889 506 944; x_wconf 88' lang='lat' dir='ltr'><strong>dona</strong></span> <span class='ocrx_word' id='word_1_78' title='bbox 521 904 580 954; x_wconf 90' lang='lat' dir='ltr'><strong>sua,</strong></span> <span class='ocrx_word' id='word_1_79' title='bbox 599 890 696 958; x_wconf 89' lang='lat' dir='ltr'><strong>quibus</strong></span> <span class='ocrx_word' id='word_1_80' title='bbox 711 898 801 945; x_wconf 84' lang='lat' dir='ltr'><strong>essent</strong></span> <span class='ocrx_word' id='word_1_81' title='bbox 829 888 943 953; x_wconf 82' lang='lat' dir='ltr'><strong>sicturi;</strong></span> <span class='ocrx_word' id='word_1_82' title='bbox 996 895 1038 939; x_wconf 93' lang='lat' dir='ltr'><strong>ter</strong></span> <span class='ocrx_word' id='word_1_83' title='bbox 1049 884 1116 940; x_wconf 91' lang='lat' dir='ltr'><strong>duas</strong></span> <span class='ocrx_word' id='word_1_84' title='bbox 1130 884 1197 939; x_wconf 90' lang='lat' dir='ltr'><strong>alias</strong></span> <span class='ocrx_word' id='word_1_85' title='bbox 1211 884 1354 950; x_wconf 84' lang='lat' dir='ltr'><strong>haereses,</strong></span> <span class='ocrx_word' id='word_1_86' title='bbox 1381 884 1432 940; x_wconf 90' lang='lat' dir='ltr'><strong>sibi</strong></span> <span class='ocrx_word' id='word_1_87' title='bbox 1453 885 1567 941; x_wconf 88' lang='lat' dir='ltr'><strong>invicem</strong></span> <span class='ocrx_word' id='word_1_88' title='bbox 1592 887 1781 954; x_wconf 78' lang='lat' dir='ltr'><strong>adversantes,</strong></span> 
     </span>
     <span class='ocr_line' id='line_1_8' title="bbox 147 963 1782 1055; baseline 0.002 -18"><span class='ocrx_word' id='word_1_89' title='bbox 147 982 290 1055; x_wconf 82' lang='lat' dir='ltr'><strong>quosdam</strong></span> <span class='ocrx_word' id='word_1_90' title='bbox 301 963 419 1049; x_wconf 61' lang='lat' dir='ltr'><strong>reatem</strong></span> <span class='ocrx_word' id='word_1_91' title='bbox 434 978 454 1043; x_wconf 90' lang='lat'><strong>¹,</strong></span> <span class='ocrx_word' id='word_1_92' title='bbox 470 978 516 1048; x_wconf 90' lang='lat' dir='ltr'><strong>qui</strong></span> <span class='ocrx_word' id='word_1_93' title='bbox 534 993 549 1033; x_wconf 93' lang='lat' dir='ltr'><strong>a</strong></span> <span class='ocrx_word' id='word_1_94' title='bbox 571 981 724 1050; x_wconf 86' lang='lat' dir='ltr'><strong>semetipsis</strong></span> <span class='ocrx_word' id='word_1_95' title='bbox 738 980 872 1035; x_wconf 84' lang='lat' dir='ltr'><strong>inventuri</strong></span> <span class='ocrx_word' id='word_1_96' title='bbox 884 993 946 1049; x_wconf 90' lang='lat' dir='ltr'><strong>pec·</strong></span> <span class='ocrx_word' id='word_1_97' title='bbox 995 977 1217 1033; x_wconf 87' lang='lat' dir='ltr'><strong>medietatisioco</strong></span> <span class='ocrx_word' id='word_1_98' title='bbox 1227 979 1372 1034; x_wconf 88' lang='lat' dir='ltr'><strong>constituta</strong></span> <span class='ocrx_word' id='word_1_99' title='bbox 1383 987 1435 1046; x_wconf 92' lang='lat' dir='ltr'><strong>est,</strong></span> <span class='ocrx_word' id='word_1_100' title='bbox 1445 979 1516 1035; x_wconf 90' lang='lat' dir='ltr'><strong>inter</strong></span> <span class='ocrx_word' id='word_1_101' title='bbox 1526 979 1599 1036; x_wconf 91' lang='lat' dir='ltr'><strong>iliam</strong></span> <span class='ocrx_word' id='word_1_102' title='bbox 1610 980 1699 1051; x_wconf 90' lang='lat' dir='ltr'><strong>piane,</strong></span> <span class='ocrx_word' id='word_1_103' title='bbox 1711 998 1782 1054; x_wconf 87' lang='lat' dir='ltr'><strong>quae</strong></span> 
     </span>
     <span class='ocr_line' id='line_1_9' title="bbox 147 1068 1782 1147; baseline 0 -16"><span class='ocrx_word' id='word_1_104' title='bbox 147 1085 217 1131; x_wconf 84' lang='lat' dir='ltr'><strong>cata</strong></span> <span class='ocrx_word' id='word_1_105' title='bbox 242 1088 300 1136; x_wconf 85' lang='lat' dir='ltr'><strong>sua,</strong></span> <span class='ocrx_word' id='word_1_106' title='bbox 323 1070 526 1142; x_wconf 85' lang='lat' dir='ltr'><strong>quibusesscnt</strong></span> <span class='ocrx_word' id='word_1_107' title='bbox 546 1071 670 1142; x_wconf 89' lang='lat' dir='ltr'><strong>perituri.</strong></span> <span class='ocrx_word' id='word_1_108' title='bbox 692 1071 746 1127; x_wconf 89' lang='lat' dir='ltr'><strong>iliis</strong></span> <span class='ocrx_word' id='word_1_109' title='bbox 773 1071 858 1136; x_wconf 90' lang='lat' dir='ltr'><strong>dedit,</strong></span> <span class='ocrx_word' id='word_1_110' title='bbox 874 1070 945 1125; x_wconf 90' lang='lat' dir='ltr'><strong>unde</strong></span> <span class='ocrx_word' id='word_1_111' title='bbox 996 1069 1095 1125; x_wconf 89' lang='lat' dir='ltr'><strong>dicitur</strong></span> <span class='ocrx_word' id='word_1_112' title='bbox 1105 1068 1259 1139; x_wconf 71' lang='lat' dir='ltr'><strong>pelagiana,</strong></span> <span class='ocrx_word' id='word_1_113' title='bbox 1273 1079 1301 1126; x_wconf 92' lang='lat' dir='ltr'><strong>et</strong></span> <span class='ocrx_word' id='word_1_114' title='bbox 1313 1070 1394 1137; x_wconf 91' lang='lat' dir='ltr'><strong>iilam,</strong></span> <span class='ocrx_word' id='word_1_115' title='bbox 1410 1087 1480 1142; x_wconf 90' lang='lat' dir='ltr'><strong>quae</strong></span> <span class='ocrx_word' id='word_1_116' title='bbox 1497 1073 1523 1129; x_wconf 88' lang='lat' dir='ltr'><strong>ei</strong></span> <span class='ocrx_word' id='word_1_117' title='bbox 1546 1085 1690 1147; x_wconf 86' lang='lat' dir='ltr'><strong>repugnat;</strong></span> <span class='ocrx_word' id='word_1_118' title='bbox 1713 1091 1782 1147; x_wconf 91' lang='lat' dir='ltr'><strong>qua-</strong></span> 
     </span>
     <span class='ocr_line' id='line_1_10' title="bbox 148 1157 1783 1234; baseline 0.001 -15"><span class='ocrx_word' id='word_1_119' title='bbox 148 1163 299 1220; x_wconf 89' lang='lat' dir='ltr'><strong>bcatitudo</strong></span> <span class='ocrx_word' id='word_1_120' title='bbox 310 1168 384 1216; x_wconf 87' lang='lat' dir='ltr'><strong>esset</strong></span> <span class='ocrx_word' id='word_1_121' title='bbox 397 1157 499 1226; x_wconf 80' lang='lat' dir='ltr'><strong>lutura,</strong></span> <span class='ocrx_word' id='word_1_122' title='bbox 512 1159 572 1216; x_wconf 85' lang='lat' dir='ltr'><strong>istis</strong></span> <span class='ocrx_word' id='word_1_123' title='bbox 589 1176 642 1217; x_wconf 89' lang='lat' dir='ltr'><strong>non</strong></span> <span class='ocrx_word' id='word_1_124' title='bbox 656 1159 741 1225; x_wconf 84' lang='lat' dir='ltr'><strong>dedit,</strong></span> <span class='ocrx_word' id='word_1_125' title='bbox 754 1162 800 1216; x_wconf 86' lang='lat' dir='ltr'><strong>seri</strong></span> <span class='ocrx_word' id='word_1_126' title='bbox 812 1159 945 1231; x_wconf 87' lang='lat' dir='ltr'><strong>permisit,</strong></span> <span class='ocrx_word' id='word_1_127' title='bbox 997 1175 1056 1214; x_wconf 89' lang='lat' dir='ltr'><strong>rum</strong></span> <span class='ocrx_word' id='word_1_128' title='bbox 1071 1174 1124 1214; x_wconf 90' lang='lat' dir='ltr'><strong>nna</strong></span> <span class='ocrx_word' id='word_1_129' title='bbox 1140 1160 1211 1214; x_wconf 91' lang='lat' dir='ltr'><strong>douo</strong></span> <span class='ocrx_word' id='word_1_130' title='bbox 1225 1159 1332 1215; x_wconf 75' lang='lat' dir='ltr'><strong>divinae</strong></span> <span class='ocrx_word' id='word_1_131' title='bbox 1349 1162 1452 1232; x_wconf 89' lang='lat' dir='ltr'><strong>gratiae</strong></span> <span class='ocrx_word' id='word_1_132' title='bbox 1466 1162 1587 1234; x_wconf 84' lang='lat' dir='ltr'><strong>derogat,</strong></span> <span class='ocrx_word' id='word_1_133' title='bbox 1603 1164 1688 1220; x_wconf 86' lang='lat' dir='ltr'><strong>altera</strong></span> <span class='ocrx_word' id='word_1_134' title='bbox 1701 1166 1783 1223; x_wconf 89' lang='lat' dir='ltr'><strong>libcr-</strong></span> 
     </span>
     <span class='ocr_line' id='line_1_11' title="bbox 147 1247 1781 1325; baseline 0.002 -15"><span class='ocrx_word' id='word_1_135' title='bbox 147 1257 230 1310; x_wconf 90' lang='lat' dir='ltr'><strong>unde</strong></span> <span class='ocrx_word' id='word_1_136' title='bbox 250 1253 362 1309; x_wconf 87' lang='lat' dir='ltr'><strong>miseria</strong></span> <span class='ocrx_word' id='word_1_137' title='bbox 371 1266 466 1307; x_wconf 90' lang='lat' dir='ltr'><strong>eorum</strong></span> <span class='ocrx_word' id='word_1_138' title='bbox 488 1264 589 1321; x_wconf 90' lang='lat' dir='ltr'><strong>poenas</strong></span> <span class='ocrx_word' id='word_1_139' title='bbox 603 1265 717 1322; x_wconf 90' lang='lat' dir='ltr'><strong>passura</strong></span> <span class='ocrx_word' id='word_1_140' title='bbox 733 1254 755 1306; x_wconf 84' lang='lat'><strong>¹.</strong></span> <span class='ocrx_word' id='word_1_141' title='bbox 768 1251 822 1307; x_wconf 86' lang='lat' dir='ltr'><strong>illis</strong></span> <span class='ocrx_word' id='word_1_142' title='bbox 833 1267 885 1306; x_wconf 90' lang='lat' dir='ltr'><strong>non</strong></span> <span class='ocrx_word' id='word_1_143' title='bbox 898 1250 946 1317; x_wconf 88' lang='lat' dir='ltr'><strong>illi,</strong></span> <span class='ocrx_word' id='word_1_144' title='bbox 998 1257 1080 1304; x_wconf 89' lang='lat' dir='ltr'><strong>tatem</strong></span> <span class='ocrx_word' id='word_1_145' title='bbox 1093 1247 1197 1303; x_wconf 86' lang='lat' dir='ltr'><strong>arbitrii</strong></span> <span class='ocrx_word' id='word_1_146' title='bbox 1210 1250 1382 1305; x_wconf 88' lang='lat' dir='ltr'><strong>condemnat.</strong></span> <span class='ocrx_word' id='word_1_147' title='bbox 1398 1250 1542 1324; x_wconf 85' lang='lat' dir='ltr'><strong>Pelagiana</strong></span> <span class='ocrx_word' id='word_1_148' title='bbox 1554 1254 1685 1325; x_wconf 88' lang='lat' dir='ltr'><strong>siquidem</strong></span> <span class='ocrx_word' id='word_1_149' title='bbox 1706 1264 1781 1313; x_wconf 87' lang='lat' dir='ltr'><strong>secta</strong></span> 
     </span>
     <span class='ocr_line' id='line_1_12' title="bbox 145 1325 1786 1416; baseline 0.002 -16"><span class='ocrx_word' id='word_1_150' title='bbox 145 1347 200 1404; x_wconf 86' lang='lat' dir='ltr'><strong>aed</strong></span> <span class='ocrx_word' id='word_1_151' title='bbox 213 1345 276 1416; x_wconf 90' lang='lat' dir='ltr'><strong>ipse</strong></span> <span class='ocrx_word' id='word_1_152' title='bbox 291 1342 467 1415; x_wconf 86' lang='lat' dir='ltr'><strong>praeparavit</strong></span> <span class='ocrx_word' id='word_1_153' title='bbox 484 1343 577 1406; x_wconf 80' lang='grc' dir='ltr'>ιιιιιιι.</span> <span class='ocrx_word' id='word_1_154' title='bbox 591 1342 651 1398; x_wconf 91' lang='lat' dir='ltr'><strong>istis</strong></span> <span class='ocrx_word' id='word_1_155' title='bbox 666 1358 718 1398; x_wconf 91' lang='lat' dir='ltr'><strong>non</strong></span> <span class='ocrx_word' id='word_1_156' title='bbox 741 1344 808 1412; x_wconf 90' lang='lat' dir='ltr'><strong>ipse,</strong></span> <span class='ocrx_word' id='word_1_157' title='bbox 824 1341 872 1398; x_wconf 90' lang='lat' dir='ltr'><strong>sed</strong></span> <span class='ocrx_word' id='word_1_158' title='bbox 896 1342 947 1412; x_wconf 89' lang='lat' dir='ltr'><strong>ipsi</strong></span> <span class='ocrx_word' id='word_1_159' title='bbox 997 1340 1150 1396; x_wconf 87' lang='lat' dir='ltr'><strong>libertatem</strong></span> <span class='ocrx_word' id='word_1_160' title='bbox 1165 1333 1421 1398; x_wconf 73' lang='lat' dir='ltr'><strong>arbitrii&#39;rationaiis</strong></span> <span class='ocrx_word' id='word_1_161' title='bbox 1433 1352 1547 1401; x_wconf 88' lang='lat' dir='ltr'><strong>naturae</strong></span> <span class='ocrx_word' id='word_1_162' title='bbox 1554 1325 1786 1404; x_wconf 66' lang='grc' dir='ltr'>ῗῖιίἶιιιιιιιιιοιιι-</span> 
     </span>
     <span class='ocr_line' id='line_1_13' title="bbox 145 1431 1785 1507; baseline 0.003 -18"><span class='ocrx_word' id='word_1_163' title='bbox 145 1440 394 1507; x_wconf 80' lang='lat' dir='ltr'><strong>praepararemus</strong></span> <span class='ocrx_word' id='word_1_164' title='bbox 406 1439 530 1487; x_wconf 89' lang='lat' dir='ltr'><strong>mortem.</strong></span> <span class='ocrx_word' id='word_1_165' title='bbox 544 1431 600 1488; x_wconf 87' lang='lat' dir='ltr'><strong>illis</strong></span> <span class='ocrx_word' id='word_1_166' title='bbox 610 1431 680 1487; x_wconf 90' lang='lat' dir='ltr'><strong>illius</strong></span> <span class='ocrx_word' id='word_1_167' title='bbox 694 1433 847 1488; x_wconf 83' lang='lat' dir='ltr'><strong>misericors</strong></span> <span class='ocrx_word' id='word_1_168' title='bbox 864 1432 943 1487; x_wconf 94' lang='lat' dir='ltr'><strong>boni-</strong></span> <span class='ocrx_word' id='word_1_169' title='bbox 997 1431 1116 1496; x_wconf 85' lang='lat' dir='ltr'><strong>mextdat,</strong></span> <span class='ocrx_word' id='word_1_170' title='bbox 1133 1441 1162 1487; x_wconf 96' lang='grc' dir='ltr'><strong>ιιι</strong></span> <span class='ocrx_word' id='word_1_171' title='bbox 1178 1432 1236 1487; x_wconf 91' lang='lat' dir='ltr'><strong>sinc</strong></span> <span class='ocrx_word' id='word_1_172' title='bbox 1248 1434 1319 1489; x_wconf 92' lang='lat' dir='ltr'><strong>dono</strong></span> <span class='ocrx_word' id='word_1_173' title='bbox 1334 1433 1438 1503; x_wconf 88' lang='lat' dir='ltr'><strong>gratiae</strong></span> <span class='ocrx_word' id='word_1_174' title='bbox 1447 1436 1482 1490; x_wconf 93' lang='lat' dir='ltr'><strong>ad</strong></span> <span class='ocrx_word' id='word_1_175' title='bbox 1493 1435 1685 1506; x_wconf 77' lang='lat' dir='ltr'><strong>perficiendam</strong></span> <span class='ocrx_word' id='word_1_176' title='bbox 1697 1437 1785 1494; x_wconf 86' lang='lat' dir='ltr'><strong>bumi-</strong></span> 
     </span>
     <span class='ocr_line' id='line_1_14' title="bbox 146 1519 1785 1599; baseline -0.002 -14"><span class='ocrx_word' id='word_1_177' title='bbox 146 1539 198 1585; x_wconf 85' lang='lat' dir='ltr'><strong>tas</strong></span> <span class='ocrx_word' id='word_1_178' title='bbox 214 1542 301 1583; x_wconf 80' lang='lat' dir='ltr'><strong>eausa</strong></span> <span class='ocrx_word' id='word_1_179' title='bbox 314 1524 364 1580; x_wconf 87' lang='lat' dir='ltr'><strong>luit</strong></span> <span class='ocrx_word' id='word_1_180' title='bbox 376 1522 516 1594; x_wconf 88' lang='lat' dir='ltr'><strong>regnandi,</strong></span> <span class='ocrx_word' id='word_1_181' title='bbox 539 1523 601 1579; x_wconf 87' lang='lat' dir='ltr'><strong>istis</strong></span> <span class='ocrx_word' id='word_1_182' title='bbox 622 1538 670 1578; x_wconf 91' lang='lat' dir='ltr'><strong>sua</strong></span> <span class='ocrx_word' id='word_1_183' title='bbox 687 1524 796 1593; x_wconf 86' lang='lat' dir='ltr'><strong>propria</strong></span> <span class='ocrx_word' id='word_1_184' title='bbox 821 1522 947 1593; x_wconf 90' lang='lat' dir='ltr'><strong>snperbia</strong></span> <span class='ocrx_word' id='word_1_185' title='bbox 998 1520 1040 1575; x_wconf 91' lang='lat' dir='ltr'><strong>nis</strong></span> <span class='ocrx_word' id='word_1_186' title='bbox 1051 1519 1184 1589; x_wconf 88' lang='lat' dir='ltr'><strong>justitiam</strong></span> <span class='ocrx_word' id='word_1_187' title='bbox 1200 1519 1323 1577; x_wconf 86' lang='lat' dir='ltr'><strong>sufficiat.</strong></span> <span class='ocrx_word' id='word_1_188' title='bbox 1335 1521 1401 1591; x_wconf 81' lang='lat' dir='ltr'><strong>Ejus</strong></span> <span class='ocrx_word' id='word_1_189' title='bbox 1412 1538 1478 1579; x_wconf 84' lang='lat' dir='ltr'><strong>reru</strong></span> <span class='ocrx_word' id='word_1_190' title='bbox 1488 1532 1562 1581; x_wconf 87' lang='lat' dir='ltr'><strong>secta</strong></span> <span class='ocrx_word' id='word_1_191' title='bbox 1575 1526 1712 1582; x_wconf 89' lang='lat' dir='ltr'><strong>contraria</strong></span> <span class='ocrx_word' id='word_1_192' title='bbox 1724 1542 1785 1599; x_wconf 86' lang='lat' dir='ltr'><strong>gra-</strong></span> 
     </span>
     <span class='ocr_line' id='line_1_15' title="bbox 145 1591 1786 1684; baseline -0.001 -9"><span class='ocrx_word' id='word_1_193' title='bbox 145 1632 243 1675; x_wconf 85' lang='lat' dir='ltr'><strong>causa</strong></span> <span class='ocrx_word' id='word_1_194' title='bbox 270 1613 321 1670; x_wconf 80' lang='lat' dir='ltr'><strong>init</strong></span> <span class='ocrx_word' id='word_1_195' title='bbox 341 1623 369 1670; x_wconf 91' lang='lat' dir='ltr'><strong>ct</strong></span> <span class='ocrx_word' id='word_1_196' title='bbox 403 1612 517 1669; x_wconf 83' lang='lat' dir='ltr'><strong>clientas</strong></span> <span class='ocrx_word' id='word_1_197' title='bbox 543 1613 692 1668; x_wconf 87' lang='lat' dir='ltr'><strong>cruciandi.</strong></span> <span class='ocrx_word' id='word_1_198' title='bbox 720 1611 815 1669; x_wconf 84' lang='lat' dir='ltr'><strong>Cetera</strong></span> <span class='ocrx_word' id='word_1_199' title='bbox 840 1625 948 1683; x_wconf 89' lang='lat' dir='ltr'><strong>quoque</strong></span> <span class='ocrx_word' id='word_1_200' title='bbox 999 1613 1083 1678; x_wconf 82' lang='lat' dir='ltr'><strong>tultae</strong></span> <span class='ocrx_word' id='word_1_201' title='bbox 1096 1614 1201 1684; x_wconf 85' lang='lat' dir='ltr'><strong>gratiae</strong></span> <span class='ocrx_word' id='word_1_202' title='bbox 1212 1591 1475 1682; x_wconf 59' lang='lat' dir='ltr'><strong>annumeremini,</strong></span> <span class='ocrx_word' id='word_1_203' title='bbox 1487 1623 1518 1671; x_wconf 90' lang='lat' dir='ltr'><strong>ut</strong></span> <span class='ocrx_word' id='word_1_204' title='bbox 1529 1616 1630 1674; x_wconf 86' lang='lat' dir='ltr'><strong>eosolo</strong></span> <span class='ocrx_word' id='word_1_205' title='bbox 1640 1616 1667 1671; x_wconf 89' lang='lat' dir='ltr'><strong>iu</strong></span> <span class='ocrx_word' id='word_1_206' title='bbox 1678 1618 1786 1674; x_wconf 87' lang='lat' dir='ltr'><strong>bomine</strong></span> 
     </span>
     <span class='ocr_line' id='line_1_16' title="bbox 144 1701 1786 1776; baseline -0.002 -11"><span class='ocrx_word' id='word_1_207' title='bbox 144 1705 295 1776; x_wconf 77' lang='lat' dir='ltr'><strong>exempla,</strong></span> <span class='ocrx_word' id='word_1_208' title='bbox 308 1702 422 1774; x_wconf 89' lang='lat' dir='ltr'><strong>quaead</strong></span> <span class='ocrx_word' id='word_1_209' title='bbox 437 1701 650 1772; x_wconf 80' lang='lat' dir='ltr'><strong>complicandam</strong></span> <span class='ocrx_word' id='word_1_210' title='bbox 666 1701 859 1757; x_wconf 90' lang='lat' dir='ltr'><strong>absurdissime</strong></span> <span class='ocrx_word' id='word_1_211' title='bbox 869 1716 949 1772; x_wconf 74' lang='lat' dir='ltr'><strong>prae</strong></span> <span class='ocrx_word' id='word_1_212' title='bbox 999 1711 1141 1772; x_wconf 86' lang='lat' dir='ltr'><strong>operante,</strong></span> <span class='ocrx_word' id='word_1_213' title='bbox 1165 1703 1238 1758; x_wconf 89' lang='lat' dir='ltr'><strong>omni</strong></span> <span class='ocrx_word' id='word_1_214' title='bbox 1264 1711 1361 1759; x_wconf 91' lang='lat' dir='ltr'><strong>conatu</strong></span> <span class='ocrx_word' id='word_1_215' title='bbox 1390 1703 1468 1760; x_wconf 89' lang='lat' dir='ltr'><strong>liberi</strong></span> <span class='ocrx_word' id='word_1_216' title='bbox 1494 1705 1599 1760; x_wconf 89' lang='lat' dir='ltr'><strong>arbitrii</strong></span> <span class='ocrx_word' id='word_1_217' title='bbox 1618 1713 1786 1776; x_wconf 88' lang='lat' dir='ltr'><strong>contempto,</strong></span> 
     </span>
     <span class='ocr_line' id='line_1_17' title="bbox 144 1788 1787 1867; baseline -0.001 -15"><span class='ocrx_word' id='word_1_218' title='bbox 144 1794 371 1852; x_wconf 86' lang='lat' dir='ltr'><strong>destitrationem</strong></span> <span class='ocrx_word' id='word_1_219' title='bbox 395 1791 528 1856; x_wconf 89' lang='lat' dir='ltr'><strong>cumulas,</strong></span> <span class='ocrx_word' id='word_1_220' title='bbox 550 1790 611 1861; x_wconf 86' lang='lat' dir='ltr'><strong>pias</strong></span> <span class='ocrx_word' id='word_1_221' title='bbox 636 1790 786 1846; x_wconf 84' lang='lat' dir='ltr'><strong>dementiae</strong></span> <span class='ocrx_word' id='word_1_222' title='bbox 812 1800 874 1846; x_wconf 87' lang='lat' dir='ltr'><strong>tuae</strong></span> <span class='ocrx_word' id='word_1_223' title='bbox 885 1798 949 1846; x_wconf 88' lang='lat' dir='ltr'><strong>sunt</strong></span> <span class='ocrx_word' id='word_1_224' title='bbox 963 1788 986 1849; x_wconf 88' lang='lat' dir='ltr'>B</span> <span class='ocrx_word' id='word_1_225' title='bbox 1000 1793 1090 1849; x_wconf 88' lang='lat' dir='ltr'><strong>omnis</strong></span> <span class='ocrx_word' id='word_1_226' title='bbox 1102 1792 1188 1848; x_wconf 79' lang='lat' dir='ltr'><strong>tidelis</strong></span> <span class='ocrx_word' id='word_1_227' title='bbox 1210 1792 1346 1865; x_wconf 79' lang='lat' dir='ltr'><strong>fastigium</strong></span> <span class='ocrx_word' id='word_1_228' title='bbox 1359 1793 1481 1865; x_wconf 83' lang='lat' dir='ltr'><strong>justitiae</strong></span> <span class='ocrx_word' id='word_1_229' title='bbox 1495 1795 1645 1865; x_wconf 88' lang='lat' dir='ltr'><strong>contingat.</strong></span> <span class='ocrx_word' id='word_1_230' title='bbox 1661 1793 1719 1852; x_wconf 89' lang='lat' dir='ltr'><strong>Una</strong></span> <span class='ocrx_word' id='word_1_231' title='bbox 1734 1793 1787 1867; x_wconf 81' lang='lat' dir='ltr'><strong>igi·</strong></span> 
     </span>
     <span class='ocr_line' id='line_1_18' title="bbox 146 1869 1788 1975; baseline -0.001 -33"><span class='ocrx_word' id='word_1_232' title='bbox 146 1885 272 1947; x_wconf 88' lang='lat' dir='ltr'><strong>indicia,</strong></span> <span class='ocrx_word' id='word_1_233' title='bbox 285 1898 367 1955; x_wconf 85' lang='lat' dir='ltr'><strong>quam</strong></span> <span class='ocrx_word' id='word_1_234' title='bbox 379 1881 481 1938; x_wconf 88' lang='lat' dir='ltr'><strong>erroris</strong></span> <span class='ocrx_word' id='word_1_235' title='bbox 490 1881 537 1936; x_wconf 93' lang='lat' dir='ltr'><strong>tui.</strong></span> <span class='ocrx_word' id='word_1_236' title='bbox 551 1880 767 1969; x_wconf 45' lang='lat' dir='ltr'><strong>liifflpaesoss</strong></span> <span class='ocrx_word' id='word_1_237' title='bbox 780 1880 952 1956; x_wconf 54' lang='lat' dir='ltr'><strong>Qisstiissnss</strong></span> <span class='ocrx_word' id='word_1_238' title='bbox 996 1892 1056 1975; x_wconf 58' lang='lat' dir='ltr'><strong>mr,</strong></span> <span class='ocrx_word' id='word_1_239' title='bbox 1072 1892 1102 1938; x_wconf 92' lang='lat' dir='ltr'><strong>ut</strong></span> <span class='ocrx_word' id='word_1_240' title='bbox 1114 1883 1215 1939; x_wconf 90' lang='lat' dir='ltr'><strong>dictum</strong></span> <span class='ocrx_word' id='word_1_241' title='bbox 1227 1892 1279 1948; x_wconf 88' lang='lat' dir='ltr'><strong>cst,</strong></span> <span class='ocrx_word' id='word_1_242' title='bbox 1305 1884 1404 1939; x_wconf 87' lang='lat' dir='ltr'><strong>donum</strong></span> <span class='ocrx_word' id='word_1_243' title='bbox 1414 1885 1517 1955; x_wconf 90' lang='lat' dir='ltr'><strong>gratiae</strong></span> <span class='ocrx_word' id='word_1_244' title='bbox 1530 1885 1689 1948; x_wconf 87' lang='lat' dir='ltr'><strong>contemnit,</strong></span> <span class='ocrx_word' id='word_1_245' title='bbox 1703 1869 1788 1941; x_wconf 55' lang='lat' dir='ltr'><strong>affra</strong></span> 
     </span>
     <span class='ocr_line' id='line_1_19' title="bbox 145 1971 1787 2048; baseline -0.001 -14"><span class='ocrx_word' id='word_1_246' title='bbox 145 1975 301 2048; x_wconf 82' lang='lat' dir='ltr'><strong>sumpsisu‘</strong></span> <span class='ocrx_word' id='word_1_247' title='bbox 316 1982 505 2046; x_wconf 69' lang='lat' dir='ltr'><strong>argumentum</strong></span> <span class='ocrx_word' id='word_1_248' title='bbox 531 1971 566 2026; x_wconf 89' lang='lat' dir='ltr'><strong>ab</strong></span> <span class='ocrx_word' id='word_1_249' title='bbox 590 1985 671 2043; x_wconf 90' lang='lat' dir='ltr'><strong>opere</strong></span> <span class='ocrx_word' id='word_1_250' title='bbox 695 1971 742 2027; x_wconf 85' lang='lat' dir='ltr'><strong>Dei</strong></span> <span class='ocrx_word' id='word_1_251' title='bbox 764 1972 889 2042; x_wconf 90' lang='lat' dir='ltr'><strong>bipertito</strong></span> <span class='ocrx_word' id='word_1_252' title='bbox 916 1973 951 2027; x_wconf 90' lang='lat' dir='ltr'><strong>ad</strong></span> <span class='ocrx_word' id='word_1_253' title='bbox 1001 1976 1102 2031; x_wconf 87' lang='lat' dir='ltr'><strong>donum</strong></span> <span class='ocrx_word' id='word_1_254' title='bbox 1129 1975 1263 2031; x_wconf 81' lang='lat' dir='ltr'><strong>libertatis</strong></span> <span class='ocrx_word' id='word_1_255' title='bbox 1286 1976 1406 2042; x_wconf 86' lang='lat' dir='ltr'><strong>arbitrii;</strong></span> <span class='ocrx_word' id='word_1_256' title='bbox 1421 1975 1517 2031; x_wconf 89' lang='lat' dir='ltr'><strong>ambae</strong></span> <span class='ocrx_word' id='word_1_257' title='bbox 1545 1977 1787 2047; x_wconf 87' lang='lat' dir='ltr'><strong>impietatepnres,</strong></span> 
     </span>
     <span class='ocr_line' id='line_1_20' title="bbox 146 2061 1787 2138; baseline -0.002 -13"><span class='ocrx_word' id='word_1_258' title='bbox 146 2067 329 2126; x_wconf 84' lang='lat' dir='ltr'><strong>suadendam</strong></span> <span class='ocrx_word' id='word_1_259' title='bbox 348 2061 606 2135; x_wconf 88' lang='lat' dir='ltr'><strong>praedestinationis</strong></span> <span class='ocrx_word' id='word_1_260' title='bbox 630 2071 659 2117; x_wconf 91' lang='lat' dir='ltr'><strong>et</strong></span> <span class='ocrx_word' id='word_1_261' title='bbox 671 2062 795 2118; x_wconf 87' lang='lat' dir='ltr'><strong>caritatis</strong></span> <span class='ocrx_word' id='word_1_262' title='bbox 817 2061 950 2133; x_wconf 78' lang='lat' dir='ltr'><strong>duplicem</strong></span> <span class='ocrx_word' id='word_1_263' title='bbox 1000 2073 1075 2119; x_wconf 88' lang='lat' dir='ltr'><strong>secta</strong></span> <span class='ocrx_word' id='word_1_264' title='bbox 1085 2078 1152 2121; x_wconf 85' lang='lat' dir='ltr'><strong>vero</strong></span> <span class='ocrx_word' id='word_1_265' title='bbox 1163 2065 1292 2133; x_wconf 87' lang='lat' dir='ltr'><strong>dispares.</strong></span> <span class='ocrx_word' id='word_1_266' title='bbox 1309 2064 1383 2120; x_wconf 82' lang='lat' dir='ltr'><strong>ilaec</strong></span> <span class='ocrx_word' id='word_1_267' title='bbox 1397 2075 1498 2130; x_wconf 85' lang='lat' dir='ltr'><strong>autem,</strong></span> <span class='ocrx_word' id='word_1_268' title='bbox 1526 2065 1626 2136; x_wconf 79' lang='lat' dir='ltr'><strong>deque</strong></span> <span class='ocrx_word' id='word_1_269' title='bbox 1641 2081 1713 2121; x_wconf 91' lang='lat' dir='ltr'><strong>nunc</strong></span> <span class='ocrx_word' id='word_1_270' title='bbox 1727 2067 1787 2138; x_wconf 90' lang='lat' dir='ltr'><strong>agi·</strong></span> 
     </span>
     <span class='ocr_line' id='line_1_21' title="bbox 149 2154 1789 2234; baseline -0.001 -20"><span class='ocrx_word' id='word_1_271' title='bbox 149 2158 411 2230; x_wconf 84' lang='lat' dir='ltr'><strong>complicationem,</strong></span> <span class='ocrx_word' id='word_1_272' title='bbox 427 2170 488 2210; x_wconf 86' lang='lat' dir='ltr'><strong>curn</strong></span> <span class='ocrx_word' id='word_1_273' title='bbox 501 2169 569 2226; x_wconf 88' lang='lat' dir='ltr'><strong>opus</strong></span> <span class='ocrx_word' id='word_1_274' title='bbox 580 2154 627 2209; x_wconf 80' lang='lat' dir='ltr'><strong>lici</strong></span> <span class='ocrx_word' id='word_1_275' title='bbox 642 2155 679 2210; x_wconf 90' lang='lat' dir='ltr'><strong>sit</strong></span> <span class='ocrx_word' id='word_1_276' title='bbox 691 2169 876 2222; x_wconf 88' lang='lat' dir='ltr'><strong>numerosum,</strong></span> <span class='ocrx_word' id='word_1_277' title='bbox 886 2155 951 2226; x_wconf 91' lang='lat' dir='ltr'><strong>quia</strong></span> <span class='ocrx_word' id='word_1_278' title='bbox 1001 2164 1055 2222; x_wconf 90' lang='lat' dir='ltr'><strong>tur,</strong></span> <span class='ocrx_word' id='word_1_279' title='bbox 1072 2158 1113 2213; x_wconf 91' lang='lat' dir='ltr'><strong>sic</strong></span> <span class='ocrx_word' id='word_1_280' title='bbox 1125 2165 1168 2212; x_wconf 89' lang='lat' dir='ltr'><strong>est</strong></span> <span class='ocrx_word' id='word_1_281' title='bbox 1180 2155 1206 2211; x_wconf 92' lang='lat' dir='ltr'><strong>in</strong></span> <span class='ocrx_word' id='word_1_282' title='bbox 1222 2157 1310 2211; x_wconf 89' lang='lat' dir='ltr'><strong>medio</strong></span> <span class='ocrx_word' id='word_1_283' title='bbox 1323 2156 1534 2226; x_wconf 89' lang='lat' dir='ltr'><strong>interutrasque</strong></span> <span class='ocrx_word' id='word_1_284' title='bbox 1561 2156 1714 2234; x_wconf 77' lang='lat' dir='ltr'><strong>praedictas</strong></span> <span class='ocrx_word' id='word_1_285' title='bbox 1729 2163 1789 2212; x_wconf 91' lang='lat' dir='ltr'><strong>tan·</strong></span> 
     </span>
     <span class='ocr_line' id='line_1_22' title="bbox 149 2243 1787 2320; baseline -0.005 -11"><span class='ocrx_word' id='word_1_286' title='bbox 149 2259 284 2309; x_wconf 88' lang='lat' dir='ltr'><strong>creatum</strong></span> <span class='ocrx_word' id='word_1_287' title='bbox 314 2257 365 2314; x_wconf 84' lang='lat' dir='ltr'><strong>est,</strong></span> <span class='ocrx_word' id='word_1_288' title='bbox 380 2246 672 2320; x_wconf 85' lang='lat' dir='ltr'><strong>praedestinationem</strong></span> <span class='ocrx_word' id='word_1_289' title='bbox 697 2252 726 2302; x_wconf 89' lang='lat' dir='ltr'><strong>et</strong></span> <span class='ocrx_word' id='word_1_290' title='bbox 745 2246 857 2312; x_wconf 89' lang='lat' dir='ltr'><strong>caritas,</strong></span> <span class='ocrx_word' id='word_1_291' title='bbox 881 2247 952 2302; x_wconf 87' lang='lat' dir='ltr'><strong>sieut</strong></span> <span class='ocrx_word' id='word_1_292' title='bbox 1000 2262 1083 2317; x_wconf 81' lang='lat' dir='ltr'><strong>quani</strong></span> <span class='ocrx_word' id='word_1_293' title='bbox 1097 2248 1284 2302; x_wconf 81' lang='lat' dir='ltr'><strong>extremitates</strong></span> <span class='ocrx_word' id='word_1_294' title='bbox 1299 2248 1369 2301; x_wconf 92' lang='lat' dir='ltr'><strong>inter</strong></span> <span class='ocrx_word' id='word_1_295' title='bbox 1379 2245 1570 2301; x_wconf 89' lang='lat' dir='ltr'><strong>secontrarias</strong></span> <span class='ocrx_word' id='word_1_296' title='bbox 1584 2243 1741 2315; x_wconf 81' lang='lat' dir='ltr'><strong>conjuncta,</strong></span> <span class='ocrx_word' id='word_1_297' title='bbox 1756 2251 1787 2301; x_wconf 88' lang='lat' dir='ltr'><strong>ui</strong></span> 
     </span>
     <span class='ocr_line' id='line_1_23' title="bbox 150 2320 1788 2418; baseline -0.005 -19"><span class='ocrx_word' id='word_1_298' title='bbox 150 2343 329 2418; x_wconf 86' lang='lat' dir='ltr'><strong>pluralitate,</strong></span> <span class='ocrx_word' id='word_1_299' title='bbox 345 2341 383 2396; x_wconf 92' lang='lat' dir='ltr'><strong>ita</strong></span> <span class='ocrx_word' id='word_1_300' title='bbox 394 2341 478 2395; x_wconf 89' lang='lat' dir='ltr'><strong>etiam</strong></span> <span class='ocrx_word' id='word_1_301' title='bbox 489 2338 686 2394; x_wconf 87' lang='lat' dir='ltr'><strong>numerositate</strong></span> <span class='ocrx_word' id='word_1_302' title='bbox 701 2339 806 2393; x_wconf 80' lang='lat' dir='ltr'><strong>carenti</strong></span> <span class='ocrx_word' id='word_1_303' title='bbox 827 2320 952 2409; x_wconf 54' lang='lat' dir='ltr'><strong>aurudo</strong></span> <span class='ocrx_word' id='word_1_304' title='bbox 1001 2338 1069 2409; x_wconf 84' lang='lat' dir='ltr'><strong>ipsis</strong></span> <span class='ocrx_word' id='word_1_305' title='bbox 1086 2339 1184 2408; x_wconf 88' lang='lat' dir='ltr'><strong>partim</strong></span> <span class='ocrx_word' id='word_1_306' title='bbox 1213 2338 1375 2402; x_wconf 88' lang='lat' dir='ltr'><strong>consentiat,</strong></span> <span class='ocrx_word' id='word_1_307' title='bbox 1398 2335 1498 2405; x_wconf 89' lang='lat' dir='ltr'><strong>partior</strong></span> <span class='ocrx_word' id='word_1_308' title='bbox 1520 2334 1699 2401; x_wconf 88' lang='lat' dir='ltr'><strong>contradicat,</strong></span> <span class='ocrx_word' id='word_1_309' title='bbox 1723 2350 1788 2406; x_wconf 93' lang='lat' dir='ltr'><strong>pro·</strong></span> 
     </span>
     <span class='ocr_line' id='line_1_24' title="bbox 151 2405 1791 2506; baseline -0.002 -17"><span class='ocrx_word' id='word_1_310' title='bbox 151 2435 224 2506; x_wconf 86' lang='lat' dir='ltr'><strong>qnia</strong></span> <span class='ocrx_word' id='word_1_311' title='bbox 245 2448 315 2504; x_wconf 88' lang='lat' dir='ltr'><strong>opus</strong></span> <span class='ocrx_word' id='word_1_312' title='bbox 328 2410 462 2495; x_wconf 61' lang='grc' dir='ltr'>ι’ἱῖἷιιιιιιι,</span> <span class='ocrx_word' id='word_1_313' title='bbox 471 2428 560 2503; x_wconf 62' lang='lat' dir='ltr'><strong>Qt</strong></span> <span class='ocrx_word' id='word_1_314' title='bbox 578 2427 740 2484; x_wconf 82' lang='lat' dir='ltr'><strong>universitas</strong></span> <span class='ocrx_word' id='word_1_315' title='bbox 756 2439 951 2496; x_wconf 89' lang='lat' dir='ltr'><strong>creaturarum,</strong></span> <span class='ocrx_word' id='word_1_316' title='bbox 1000 2412 1225 2501; x_wconf 59' lang='lat' dir='ltr'><strong>priumffisibi</strong></span> <span class='ocrx_word' id='word_1_317' title='bbox 1247 2430 1365 2484; x_wconf 80' lang='lat' dir='ltr'><strong>vindicet</strong></span> <span class='ocrx_word' id='word_1_318' title='bbox 1382 2405 1505 2498; x_wconf 53' lang='lat' dir='ltr'><strong>‘squeri</strong></span> <span class='ocrx_word' id='word_1_319' title='bbox 1521 2428 1594 2498; x_wconf 89' lang='lat' dir='ltr'><strong>ipsas</strong></span> <span class='ocrx_word' id='word_1_320' title='bbox 1611 2445 1665 2485; x_wconf 91' lang='lat' dir='ltr'><strong>nou</strong></span> <span class='ocrx_word' id='word_1_321' title='bbox 1689 2429 1791 2486; x_wconf 88' lang='lat' dir='ltr'><strong>babere</strong></span> 
     </span>
     <span class='ocr_line' id='line_1_25' title="bbox 153 2516 1791 2593; baseline -0.003 -13"><span class='ocrx_word' id='word_1_322' title='bbox 153 2524 240 2580; x_wconf 79' lang='lat' dir='ltr'><strong>verbi</strong></span> <span class='ocrx_word' id='word_1_323' title='bbox 266 2522 354 2593; x_wconf 87' lang='lat' dir='ltr'><strong>gratia</strong></span> <span class='ocrx_word' id='word_1_324' title='bbox 371 2521 400 2575; x_wconf 89' lang='lat' dir='ltr'><strong>in</strong></span> <span class='ocrx_word' id='word_1_325' title='bbox 414 2520 481 2574; x_wconf 90' lang='lat' dir='ltr'><strong>duas</strong></span> <span class='ocrx_word' id='word_1_326' title='bbox 491 2517 568 2590; x_wconf 86' lang='lat' dir='ltr'><strong>quasi</strong></span> <span class='ocrx_word' id='word_1_327' title='bbox 582 2516 744 2588; x_wconf 88' lang='lat' dir='ltr'><strong>principales</strong></span> <span class='ocrx_word' id='word_1_328' title='bbox 753 2519 859 2586; x_wconf 86' lang='lat' dir='ltr'><strong>speeies</strong></span> <span class='ocrx_word' id='word_1_329' title='bbox 881 2517 953 2572; x_wconf 85' lang='lat' dir='ltr'><strong>diti·</strong></span> <span class='ocrx_word' id='word_1_330' title='bbox 1001 2522 1156 2578; x_wconf 88' lang='lat' dir='ltr'><strong>contendat.</strong></span> <span class='ocrx_word' id='word_1_331' title='bbox 1183 2521 1252 2575; x_wconf 89' lang='grc' dir='ltr'>ιιιιιιι</span> <span class='ocrx_word' id='word_1_332' title='bbox 1277 2520 1349 2575; x_wconf 83' lang='lat' dir='ltr'><strong>eninr</strong></span> <span class='ocrx_word' id='word_1_333' title='bbox 1379 2521 1499 2576; x_wconf 80' lang='lat' dir='ltr'><strong>amisium</strong></span> <span class='ocrx_word' id='word_1_334' title='bbox 1525 2520 1667 2587; x_wconf 81' lang='lat' dir='ltr'><strong>virtutum,</strong></span> <span class='ocrx_word' id='word_1_335' title='bbox 1692 2521 1791 2591; x_wconf 87' lang='lat' dir='ltr'><strong>quibos</strong></span> 
     </span>
     <span class='ocr_line' id='line_1_26' title="bbox 149 2595 1791 2682; baseline 0 -17"><span class='ocrx_word' id='word_1_336' title='bbox 149 2595 434 2682; x_wconf 52' lang='lat' dir='ltr'><strong>dit&#39;o‘rff‘an&#39;tsuaiem</strong></span> <span class='ocrx_word' id='word_1_337' title='bbox 445 2606 570 2663; x_wconf 75' lang='lat' dir='ltr'><strong>videlicet</strong></span> <span class='ocrx_word' id='word_1_338' title='bbox 581 2614 610 2662; x_wconf 88' lang='lat' dir='ltr'><strong>et</strong></span> <span class='ocrx_word' id='word_1_339' title='bbox 621 2605 798 2676; x_wconf 84' lang='lat' dir='ltr'><strong>corporalem,</strong></span> <span class='ocrx_word' id='word_1_340' title='bbox 810 2614 952 2676; x_wconf 88' lang='lat' dir='ltr'><strong>propterea</strong></span> <span class='ocrx_word' id='word_1_341' title='bbox 1000 2611 1159 2682; x_wconf 81' lang='lat' dir='ltr'><strong>peruenitur</strong></span> <span class='ocrx_word' id='word_1_342' title='bbox 1180 2612 1213 2666; x_wconf 92' lang='lat' dir='ltr'><strong>ad</strong></span> <span class='ocrx_word' id='word_1_343' title='bbox 1226 2611 1431 2676; x_wconf 87' lang='lat' dir='ltr'><strong>beatitudinem,</strong></span> <span class='ocrx_word' id='word_1_344' title='bbox 1462 2610 1637 2681; x_wconf 90' lang='lat' dir='ltr'><strong>omniumque</strong></span> <span class='ocrx_word' id='word_1_345' title='bbox 1650 2611 1791 2679; x_wconf 80' lang='lat' dir='ltr'><strong>uitiorum,</strong></span> 
     </span>
     <span class='ocr_line' id='line_1_27' title="bbox 156 2694 1792 2773; baseline 0 -17"><span class='ocrx_word' id='word_1_346' title='bbox 156 2713 299 2772; x_wconf 84' lang='lat' dir='ltr'><strong>cogentur</strong></span> <span class='ocrx_word' id='word_1_347' title='bbox 324 2695 606 2769; x_wconf 77' lang='lat' dir='ltr'><strong>praedestinationem,</strong></span> <span class='ocrx_word' id='word_1_348' title='bbox 633 2709 685 2763; x_wconf 87' lang='lat' dir='ltr'><strong>qua</strong></span> <span class='ocrx_word' id='word_1_349' title='bbox 705 2694 776 2749; x_wconf 85' lang='lat' dir='ltr'><strong>ileos</strong></span> <span class='ocrx_word' id='word_1_350' title='bbox 806 2709 952 2764; x_wconf 82' lang='lat' dir='ltr'><strong>operatua</strong></span> <span class='ocrx_word' id='word_1_351' title='bbox 1002 2704 1102 2773; x_wconf 89' lang='lat' dir='ltr'><strong>quibus</strong></span> <span class='ocrx_word' id='word_1_352' title='bbox 1117 2703 1354 2773; x_wconf 88' lang='lat' dir='ltr'><strong>praecipitaturad</strong></span> <span class='ocrx_word' id='word_1_353' title='bbox 1367 2702 1515 2768; x_wconf 88' lang='lat' dir='ltr'><strong>miseriam,</strong></span> <span class='ocrx_word' id='word_1_354' title='bbox 1529 2702 1556 2757; x_wconf 90' lang='lat' dir='ltr'><strong>io</strong></span> <span class='ocrx_word' id='word_1_355' title='bbox 1569 2702 1792 2772; x_wconf 86' lang='lat' dir='ltr'><strong>praedestinatio-</strong></span> 
     </span>
     <span class='ocr_line' id='line_1_28' title="bbox 157 2781 1791 2867; baseline -0.003 -14"><span class='ocrx_word' id='word_1_356' title='bbox 157 2798 256 2853; x_wconf 86' lang='lat' dir='ltr'><strong>iutura</strong></span> <span class='ocrx_word' id='word_1_357' title='bbox 273 2795 415 2867; x_wconf 89' lang='lat' dir='ltr'><strong>disposuit,</strong></span> <span class='ocrx_word' id='word_1_358' title='bbox 429 2792 587 2863; x_wconf 84' lang='lat' dir='ltr'><strong>duplicare?</strong></span> <span class='ocrx_word' id='word_1_359' title='bbox 604 2790 681 2859; x_wconf 84' lang='lat' dir='ltr'><strong>Quod</strong></span> <span class='ocrx_word' id='word_1_360' title='bbox 707 2790 728 2845; x_wconf 92' lang='lat' dir='ltr'><strong>si</strong></span> <span class='ocrx_word' id='word_1_361' title='bbox 747 2781 878 2861; x_wconf 75' lang='lat' dir='ltr'><strong>cogimur,</strong></span> <span class='ocrx_word' id='word_1_362' title='bbox 902 2806 952 2845; x_wconf 92' lang='lat' dir='ltr'><strong>ne·</strong></span> <span class='ocrx_word' id='word_1_363' title='bbox 1002 2793 1082 2858; x_wconf 86' lang='lat' dir='ltr'><strong>nibus</strong></span> <span class='ocrx_word' id='word_1_364' title='bbox 1092 2793 1203 2858; x_wconf 87' lang='lat' dir='ltr'><strong>divinis,</strong></span> <span class='ocrx_word' id='word_1_365' title='bbox 1215 2806 1245 2847; x_wconf 90' lang='lat' dir='ltr'><strong>ut</strong></span> <span class='ocrx_word' id='word_1_366' title='bbox 1255 2794 1313 2864; x_wconf 93' lang='lat' dir='ltr'><strong>ipsa</strong></span> <span class='ocrx_word' id='word_1_367' title='bbox 1327 2792 1413 2863; x_wconf 84' lang='lat' dir='ltr'><strong>imgit,</strong></span> <span class='ocrx_word' id='word_1_368' title='bbox 1429 2794 1597 2848; x_wconf 87' lang='lat' dir='ltr'><strong>necessarias</strong></span> <span class='ocrx_word' id='word_1_369' title='bbox 1608 2791 1791 2849; x_wconf 78' lang='lat' dir='ltr'><strong>ineitabiies·</strong></span> 
     </span>
     <span class='ocr_line' id='line_1_29' title="bbox 157 2882 1792 2957; baseline -0.006 -10"><span class='ocrx_word' id='word_1_370' title='bbox 157 2889 285 2947; x_wconf 79' lang='lat' dir='ltr'><strong>cessario</strong></span> <span class='ocrx_word' id='word_1_371' title='bbox 303 2897 331 2943; x_wconf 92' lang='lat' dir='ltr'><strong>et</strong></span> <span class='ocrx_word' id='word_1_372' title='bbox 343 2885 521 2957; x_wconf 84' lang='lat' dir='ltr'><strong>quadruplam</strong></span> <span class='ocrx_word' id='word_1_373' title='bbox 536 2883 648 2939; x_wconf 89' lang='lat' dir='ltr'><strong>credere</strong></span> <span class='ocrx_word' id='word_1_374' title='bbox 660 2882 868 2952; x_wconf 87' lang='lat' dir='ltr'><strong>compellemur,</strong></span> <span class='ocrx_word' id='word_1_375' title='bbox 886 2897 953 2951; x_wconf 88' lang='lat' dir='ltr'><strong>quo·</strong></span> <span class='ocrx_word' id='word_1_376' title='bbox 1001 2899 1055 2954; x_wconf 86' lang='lat' dir='ltr'><strong>que</strong></span> <span class='ocrx_word' id='word_1_377' title='bbox 1068 2899 1164 2939; x_wconf 79' lang='lat' dir='ltr'><strong>canses</strong></span> <span class='ocrx_word' id='word_1_378' title='bbox 1179 2893 1293 2940; x_wconf 88' lang='lat' dir='ltr'><strong>conatur</strong></span> <span class='ocrx_word' id='word_1_379' title='bbox 1308 2884 1485 2949; x_wconf 85' lang='lat' dir='ltr'><strong>constituere,</strong></span> <span class='ocrx_word' id='word_1_380' title='bbox 1511 2884 1576 2954; x_wconf 79' lang='lat' dir='ltr'><strong>quiri</strong></span> <span class='ocrx_word' id='word_1_381' title='bbox 1601 2884 1673 2938; x_wconf 90' lang='lat' dir='ltr'><strong>alind</strong></span> <span class='ocrx_word' id='word_1_382' title='bbox 1686 2884 1792 2939; x_wconf 84' lang='lat' dir='ltr'><strong>ridetur</strong></span> 
     </span>
     <span class='ocr_line' id='line_1_30' title="bbox 158 2972 1793 3050; baseline -0.004 -12"><span class='ocrx_word' id='word_1_383' title='bbox 158 2982 239 3038; x_wconf 87' lang='lat' dir='ltr'><strong>niam</strong></span> <span class='ocrx_word' id='word_1_384' title='bbox 252 2978 418 3050; x_wconf 71' lang='lat' dir='ltr'><strong>Augustinus</strong></span> <span class='ocrx_word' id='word_1_385' title='bbox 428 2977 454 3031; x_wconf 92' lang='lat' dir='ltr'><strong>in</strong></span> <span class='ocrx_word' id='word_1_386' title='bbox 467 2974 605 3047; x_wconf 87' lang='lat' dir='ltr'><strong>opusculis</strong></span> <span class='ocrx_word' id='word_1_387' title='bbox 618 2972 691 3029; x_wconf 90' lang='lat' dir='ltr'><strong>suis:</strong></span> <span class='ocrx_word' id='word_1_388' title='bbox 706 2991 716 3024; x_wconf 88' lang='grc' dir='ltr'><strong>ι</strong></span> <span class='ocrx_word' id='word_1_389' title='bbox 731 2972 818 3043; x_wconf 82' lang='lat' dir='ltr'><strong>Opera</strong></span> <span class='ocrx_word' id='word_1_390' title='bbox 833 2973 951 3040; x_wconf 77' lang='lat' dir='ltr'><strong>diuinas,</strong></span> <span class='ocrx_word' id='word_1_391' title='bbox 1002 2974 1125 3037; x_wconf 90' lang='lat' dir='ltr'><strong>suadere,</strong></span> <span class='ocrx_word' id='word_1_392' title='bbox 1138 2974 1189 3029; x_wconf 86' lang='lat' dir='ltr'><strong>nisi</strong></span> <span class='ocrx_word' id='word_1_393' title='bbox 1201 2975 1250 3030; x_wconf 85' lang='lat' dir='ltr'><strong>Dei</strong></span> <span class='ocrx_word' id='word_1_394' title='bbox 1266 2974 1346 3037; x_wconf 91' lang='lat' dir='ltr'><strong>dona,</strong></span> <span class='ocrx_word' id='word_1_395' title='bbox 1367 2975 1419 3030; x_wconf 90' lang='lat' dir='ltr'><strong>hoe</strong></span> <span class='ocrx_word' id='word_1_396' title='bbox 1432 2983 1483 3041; x_wconf 91' lang='lat' dir='ltr'><strong>est,</strong></span> <span class='ocrx_word' id='word_1_397' title='bbox 1507 2974 1621 3030; x_wconf 87' lang='lat' dir='ltr'><strong>liberum</strong></span> <span class='ocrx_word' id='word_1_398' title='bbox 1644 2975 1793 3032; x_wconf 82' lang='lat' dir='ltr'><strong>voluntatis</strong></span> 
     </span>
     <span class='ocr_line' id='line_1_31' title="bbox 158 3043 1793 3146; baseline -0.002 -16"><span class='ocrx_word' id='word_1_399' title='bbox 158 3074 263 3146; x_wconf 87' lang='lat' dir='ltr'><strong>inquit,</strong></span> <span class='ocrx_word' id='word_1_400' title='bbox 280 3088 290 3123; x_wconf 88' lang='grc' dir='ltr'><strong>ι</strong></span> <span class='ocrx_word' id='word_1_401' title='bbox 306 3084 376 3142; x_wconf 88' lang='lat' dir='ltr'><strong>quae</strong></span> <span class='ocrx_word' id='word_1_402' title='bbox 400 3067 491 3125; x_wconf 89' lang='lat' dir='ltr'><strong>secula</strong></span> <span class='ocrx_word' id='word_1_403' title='bbox 515 3066 618 3122; x_wconf 85' lang='lat' dir='ltr'><strong>crearit</strong></span> <span class='ocrx_word' id='word_1_404' title='bbox 642 3073 670 3119; x_wconf 89' lang='lat' dir='ltr'><strong>et</strong></span> <span class='ocrx_word' id='word_1_405' title='bbox 683 3065 826 3135; x_wconf 88' lang='lat' dir='ltr'><strong>gubernat,</strong></span> <span class='ocrx_word' id='word_1_406' title='bbox 844 3063 953 3134; x_wconf 87' lang='lat' dir='ltr'><strong>quadri·</strong></span> <span class='ocrx_word' id='word_1_407' title='bbox 1003 3065 1158 3131; x_wconf 84' lang='lat' dir='ltr'><strong>arbitrium,</strong></span> <span class='ocrx_word' id='word_1_408' title='bbox 1182 3073 1210 3134; x_wconf 80' lang='lat' dir='ltr'><strong>et</strong></span> <span class='ocrx_word' id='word_1_409' title='bbox 1234 3066 1337 3137; x_wconf 86' lang='lat' dir='ltr'><strong>gratiae</strong></span> <span class='ocrx_word' id='word_1_410' title='bbox 1361 3043 1489 3122; x_wconf 55' lang='lat' dir='ltr'><strong>ffatim</strong></span> <span class='ocrx_word' id='word_1_411' title='bbox 1516 3068 1669 3135; x_wconf 87' lang='lat' dir='ltr'><strong>destruere,</strong></span> <span class='ocrx_word' id='word_1_412' title='bbox 1694 3069 1793 3139; x_wconf 88' lang='lat' dir='ltr'><strong>quibus</strong></span> 
     </span>
     <span class='ocr_line' id='line_1_32' title="bbox 158 3127 1819 3230; baseline -0.003 -9"><span class='ocrx_word' id='word_1_413' title='bbox 158 3165 243 3224; x_wconf 82' lang='lat' dir='ltr'><strong>innui</strong></span> <span class='ocrx_word' id='word_1_414' title='bbox 270 3163 377 3217; x_wconf 77' lang='lat' dir='ltr'><strong>nonne</strong></span> <span class='ocrx_word' id='word_1_415' title='bbox 389 3157 565 3230; x_wconf 89' lang='lat' dir='ltr'><strong>distinguitur</strong></span> <span class='ocrx_word' id='word_1_416' title='bbox 580 3176 603 3209; x_wconf 87' lang='grc' dir='ltr'><strong>ι.</strong></span> <span class='ocrx_word' id='word_1_417' title='bbox 630 3154 724 3211; x_wconf 74' lang='lat' dir='ltr'><strong>Virtus</strong></span> <span class='ocrx_word' id='word_1_418' title='bbox 745 3170 851 3225; x_wconf 86' lang='lat' dir='ltr'><strong>quoque</strong></span> <span class='ocrx_word' id='word_1_419' title='bbox 875 3170 950 3210; x_wconf 91' lang='lat' dir='ltr'><strong>com·</strong></span> <span class='ocrx_word' id='word_1_420' title='bbox 965 3127 988 3190; x_wconf 76' lang='lat' dir='ltr'>C</span> <span class='ocrx_word' id='word_1_421' title='bbox 1004 3156 1793 3228; x_wconf 79' lang='lat' dir='ltr'><strong>duobusproiectoplenitudoiustitiaebominisetiuclroa-</strong></span> <span class='ocrx_word' id='word_1_422' title='bbox 1814 3188 1819 3202; x_wconf 90' lang='lat'><strong>·</strong></span> 
     </span>
     <span class='ocr_line' id='line_1_33' title="bbox 160 3244 1621 3322; baseline -0.006 -12"><span class='ocrx_word' id='word_1_423' title='bbox 160 3253 265 3316; x_wconf 81' lang='lat' dir='ltr'><strong>minuis,</strong></span> <span class='ocrx_word' id='word_1_424' title='bbox 275 3265 329 3322; x_wconf 87' lang='lat' dir='ltr'><strong>qua</strong></span> <span class='ocrx_word' id='word_1_425' title='bbox 342 3248 432 3304; x_wconf 89' lang='lat' dir='ltr'><strong>omnis</strong></span> <span class='ocrx_word' id='word_1_426' title='bbox 444 3248 534 3303; x_wconf 89' lang='lat' dir='ltr'><strong>anima</strong></span> <span class='ocrx_word' id='word_1_427' title='bbox 551 3245 659 3317; x_wconf 86' lang='lat' dir='ltr'><strong>sapiens</strong></span> <span class='ocrx_word' id='word_1_428' title='bbox 675 3245 818 3309; x_wconf 82' lang='lat' dir='ltr'><strong>innotatur,</strong></span> <span class='ocrx_word' id='word_1_429' title='bbox 834 3244 952 3316; x_wconf 90' lang='lat' dir='ltr'><strong>qundm·</strong></span> <span class='ocrx_word' id='word_1_430' title='bbox 1003 3256 1058 3309; x_wconf 92' lang='lat' dir='ltr'><strong>tur,</strong></span> <span class='ocrx_word' id='word_1_431' title='bbox 1072 3247 1245 3319; x_wconf 65' lang='lat' dir='ltr'><strong>etperdcitur</strong></span> <span class='ocrx_word' id='word_1_432' title='bbox 1615 3261 1621 3279; x_wconf 81' lang='lat'><strong><em>¹</em></strong></span> 
     </span>
     <span class='ocr_line' id='line_1_34' title="bbox 161 3335 1792 3433; baseline 0.001 -34"><span class='ocrx_word' id='word_1_433' title='bbox 161 3345 320 3417; x_wconf 76' lang='lat' dir='ltr'><strong>plicabitur,</strong></span> <span class='ocrx_word' id='word_1_434' title='bbox 339 3341 468 3412; x_wconf 90' lang='lat' dir='ltr'><strong>quoniam</strong></span> <span class='ocrx_word' id='word_1_435' title='bbox 486 3340 513 3393; x_wconf 89' lang='lat' dir='ltr'><strong>in</strong></span> <span class='ocrx_word' id='word_1_436' title='bbox 536 3338 688 3409; x_wconf 64' lang='lat' dir='ltr'><strong>quattuor*</strong></span> <span class='ocrx_word' id='word_1_437' title='bbox 711 3338 824 3392; x_wconf 84' lang='lat' dir='ltr'><strong>virtutes</strong></span> <span class='ocrx_word' id='word_1_438' title='bbox 844 3337 953 3393; x_wconf 84' lang='lat' dir='ltr'><strong>babitus</strong></span> <span class='ocrx_word' id='word_1_439' title='bbox 1037 3335 1068 3392; x_wconf 93' lang='grc' dir='ltr'><strong>ιι.</strong></span> <span class='ocrx_word' id='word_1_440' title='bbox 1092 3336 1257 3433; x_wconf 46' lang='lat' dir='ltr'><strong>Remigium</strong></span> <span class='ocrx_word' id='word_1_441' title='bbox 1270 3353 1339 3393; x_wconf 84' lang='lat' dir='ltr'><strong>nora</strong></span> <span class='ocrx_word' id='word_1_442' title='bbox 1349 3349 1422 3396; x_wconf 90' lang='lat' dir='ltr'><strong>secta</strong></span> <span class='ocrx_word' id='word_1_443' title='bbox 1436 3338 1598 3412; x_wconf 82' lang='lat' dir='ltr'><strong>Pelagianae</strong></span> <span class='ocrx_word' id='word_1_444' title='bbox 1611 3344 1746 3399; x_wconf 88' lang='lat' dir='ltr'><strong>consentit</strong></span> <span class='ocrx_word' id='word_1_445' title='bbox 1764 3345 1792 3401; x_wconf 90' lang='lat' dir='ltr'><strong>iu</strong></span> 
     </span>
     <span class='ocr_line' id='line_1_35' title="bbox 162 3427 1792 3506; baseline -0.001 -13"><span class='ocrx_word' id='word_1_446' title='bbox 162 3436 247 3493; x_wconf 83' lang='lat' dir='ltr'><strong>animi</strong></span> <span class='ocrx_word' id='word_1_447' title='bbox 259 3436 294 3491; x_wconf 89' lang='lat' dir='ltr'><strong>de</strong></span> <span class='ocrx_word' id='word_1_448' title='bbox 307 3435 366 3503; x_wconf 88' lang='lat' dir='ltr'><strong>ipsa</strong></span> <span class='ocrx_word' id='word_1_449' title='bbox 380 3430 553 3504; x_wconf 81' lang='lat' dir='ltr'><strong>exprimitur.</strong></span> <span class='ocrx_word' id='word_1_450' title='bbox 568 3429 649 3496; x_wconf 75' lang='lat' dir='ltr'><strong>Quasi</strong></span> <span class='ocrx_word' id='word_1_451' title='bbox 666 3429 758 3483; x_wconf 88' lang='lat' dir='ltr'><strong>onitas</strong></span> <span class='ocrx_word' id='word_1_452' title='bbox 769 3429 832 3483; x_wconf 83' lang='lat' dir='ltr'><strong>duni</strong></span> <span class='ocrx_word' id='word_1_453' title='bbox 845 3429 880 3483; x_wconf 90' lang='lat' dir='ltr'><strong>sit</strong></span> <span class='ocrx_word' id='word_1_454' title='bbox 895 3444 952 3484; x_wconf 90' lang='lat' dir='ltr'><strong>om·</strong></span> <span class='ocrx_word' id='word_1_455' title='bbox 1002 3427 1126 3496; x_wconf 66' lang='lat' dir='ltr'><strong>eoquod</strong></span> <span class='ocrx_word' id='word_1_456' title='bbox 1140 3428 1240 3483; x_wconf 89' lang='lat' dir='ltr'><strong>dunum</strong></span> <span class='ocrx_word' id='word_1_457' title='bbox 1253 3430 1357 3499; x_wconf 87' lang='lat' dir='ltr'><strong>gratiae</strong></span> <span class='ocrx_word' id='word_1_458' title='bbox 1371 3431 1505 3502; x_wconf 88' lang='lat' dir='ltr'><strong>gratuitae</strong></span> <span class='ocrx_word' id='word_1_459' title='bbox 1520 3433 1587 3489; x_wconf 89' lang='lat' dir='ltr'><strong>nibil</strong></span> <span class='ocrx_word' id='word_1_460' title='bbox 1609 3434 1712 3490; x_wconf 87' lang='lat' dir='ltr'><strong>homini</strong></span> <span class='ocrx_word' id='word_1_461' title='bbox 1728 3451 1792 3506; x_wconf 91' lang='lat' dir='ltr'><strong>pro·</strong></span> 
     </span>
     <span class='ocr_line' id='line_1_36' title="bbox 163 3517 1792 3597; baseline -0.002 -12"><span class='ocrx_word' id='word_1_462' title='bbox 163 3531 240 3585; x_wconf 84' lang='lat' dir='ltr'><strong>niam</strong></span> <span class='ocrx_word' id='word_1_463' title='bbox 254 3526 408 3597; x_wconf 87' lang='lat' dir='ltr'><strong>specierum</strong></span> <span class='ocrx_word' id='word_1_464' title='bbox 432 3522 603 3593; x_wconf 86' lang='lat' dir='ltr'><strong>partiumque</strong></span> <span class='ocrx_word' id='word_1_465' title='bbox 627 3535 735 3589; x_wconf 79' lang='lat' dir='ltr'><strong>expers,</strong></span> <span class='ocrx_word' id='word_1_466' title='bbox 761 3519 796 3574; x_wconf 90' lang='lat' dir='ltr'><strong>ab</strong></span> <span class='ocrx_word' id='word_1_467' title='bbox 816 3534 847 3575; x_wconf 89' lang='lat' dir='ltr'><strong>ea</strong></span> <span class='ocrx_word' id='word_1_468' title='bbox 863 3528 952 3577; x_wconf 85' lang='lat' dir='ltr'><strong>tameo</strong></span> <span class='ocrx_word' id='word_1_469' title='bbox 1003 3517 1082 3574; x_wconf 85' lang='lat' dir='ltr'><strong>desse</strong></span> <span class='ocrx_word' id='word_1_470' title='bbox 1092 3520 1230 3574; x_wconf 88' lang='lat' dir='ltr'><strong>asseritad</strong></span> <span class='ocrx_word' id='word_1_471' title='bbox 1242 3519 1393 3577; x_wconf 81' lang='lat' dir='ltr'><strong>faciendam</strong></span> <span class='ocrx_word' id='word_1_472' title='bbox 1404 3521 1702 3591; x_wconf 81' lang='lat' dir='ltr'><strong>justitiam,sedsoiam</strong></span> <span class='ocrx_word' id='word_1_473' title='bbox 1713 3541 1792 3596; x_wconf 86' lang='lat' dir='ltr'><strong>prae·</strong></span> 
     </span>
     <span class='ocr_line' id='line_1_37' title="bbox 164 3608 1793 3688; baseline -0.004 -11"><span class='ocrx_word' id='word_1_474' title='bbox 164 3620 255 3677; x_wconf 85' lang='lat' dir='ltr'><strong>omnis</strong></span> <span class='ocrx_word' id='word_1_475' title='bbox 267 3616 383 3688; x_wconf 84' lang='lat' dir='ltr'><strong>species,</strong></span> <span class='ocrx_word' id='word_1_476' title='bbox 403 3628 552 3683; x_wconf 88' lang='lat' dir='ltr'><strong>omnesque</strong></span> <span class='ocrx_word' id='word_1_477' title='bbox 564 3620 656 3682; x_wconf 87' lang='lat' dir='ltr'><strong>partes</strong></span> <span class='ocrx_word' id='word_1_478' title='bbox 677 3627 730 3667; x_wconf 90' lang='lat' dir='ltr'><strong>non</strong></span> <span class='ocrx_word' id='word_1_479' title='bbox 743 3612 884 3667; x_wconf 83' lang='lat' dir='ltr'><strong>oriantur!</strong></span> <span class='ocrx_word' id='word_1_480' title='bbox 899 3612 954 3667; x_wconf 80' lang='lat' dir='ltr'><strong>dut</strong></span> <span class='ocrx_word' id='word_1_481' title='bbox 1004 3608 1192 3665; x_wconf 90' lang='lat' dir='ltr'><strong>destinationis</strong></span> <span class='ocrx_word' id='word_1_482' title='bbox 1206 3610 1411 3679; x_wconf 86' lang='lat' dir='ltr'><strong>necessitateur;</strong></span> <span class='ocrx_word' id='word_1_483' title='bbox 1433 3613 1467 3668; x_wconf 93' lang='lat' dir='ltr'><strong>ab</strong></span> <span class='ocrx_word' id='word_1_484' title='bbox 1486 3628 1517 3669; x_wconf 92' lang='lat' dir='ltr'><strong>ea</strong></span> <span class='ocrx_word' id='word_1_485' title='bbox 1534 3628 1599 3669; x_wconf 83' lang='lat' dir='ltr'><strong>sero</strong></span> <span class='ocrx_word' id='word_1_486' title='bbox 1609 3615 1733 3670; x_wconf 88' lang='lat' dir='ltr'><strong>dissentit</strong></span> <span class='ocrx_word' id='word_1_487' title='bbox 1749 3631 1793 3681; x_wconf 91' lang='lat' dir='ltr'><strong>eo,</strong></span> 
     </span>
     <span class='ocr_line' id='line_1_38' title="bbox 169 3698 1794 3780; baseline -0.002 -17"><span class='ocrx_word' id='word_1_488' title='bbox 169 3722 298 3780; x_wconf 78' lang='lat' dir='ltr'><strong>tanquam</strong></span> <span class='ocrx_word' id='word_1_489' title='bbox 313 3709 346 3763; x_wconf 89' lang='lat' dir='ltr'><strong>de</strong></span> <span class='ocrx_word' id='word_1_490' title='bbox 363 3706 539 3776; x_wconf 83' lang='lat' dir='ltr'><strong>impressione</strong></span> <span class='ocrx_word' id='word_1_491' title='bbox 553 3703 632 3759; x_wconf 89' lang='lat' dir='ltr'><strong>unius</strong></span> <span class='ocrx_word' id='word_1_492' title='bbox 643 3703 715 3759; x_wconf 89' lang='lat' dir='ltr'><strong>anuli</strong></span> <span class='ocrx_word' id='word_1_493' title='bbox 731 3703 743 3736; x_wconf 85' lang='lat'>⁸</span> <span class='ocrx_word' id='word_1_494' title='bbox 769 3703 852 3759; x_wconf 87' lang='lat' dir='ltr'><strong>multa</strong></span> <span class='ocrx_word' id='word_1_495' title='bbox 872 3704 953 3760; x_wconf 85' lang='lat' dir='ltr'><strong>vesti-</strong></span> <span class='ocrx_word' id='word_1_496' title='bbox 1004 3699 1075 3769; x_wconf 86' lang='lat' dir='ltr'><strong>quoti</strong></span> <span class='ocrx_word' id='word_1_497' title='bbox 1087 3700 1158 3754; x_wconf 85' lang='lat' dir='ltr'><strong>vires</strong></span> <span class='ocrx_word' id='word_1_498' title='bbox 1177 3698 1254 3754; x_wconf 86' lang='lat' dir='ltr'><strong>liberi</strong></span> <span class='ocrx_word' id='word_1_499' title='bbox 1274 3699 1378 3756; x_wconf 87' lang='lat' dir='ltr'><strong>arbitrii</strong></span> <span class='ocrx_word' id='word_1_500' title='bbox 1403 3703 1513 3771; x_wconf 89' lang='lat' dir='ltr'><strong>penitus</strong></span> <span class='ocrx_word' id='word_1_501' title='bbox 1526 3704 1678 3763; x_wconf 82' lang='lat' dir='ltr'><strong>evacuarit.</strong></span> <span class='ocrx_word' id='word_1_502' title='bbox 1707 3716 1794 3772; x_wconf 91' lang='lat' dir='ltr'><strong>neque</strong></span> 
     </span>
     <span class='ocr_line' id='line_1_39' title="bbox 169 3791 1795 3873; baseline -0.005 -15"><span class='ocrx_word' id='word_1_503' title='bbox 169 3803 210 3873; x_wconf 80' lang='lat' dir='ltr'><strong>gia</strong></span> <span class='ocrx_word' id='word_1_504' title='bbox 222 3802 249 3857; x_wconf 92' lang='lat' dir='ltr'><strong>in</strong></span> <span class='ocrx_word' id='word_1_505' title='bbox 263 3815 326 3857; x_wconf 86' lang='lat' dir='ltr'><strong>cera</strong></span> <span class='ocrx_word' id='word_1_506' title='bbox 344 3797 404 3853; x_wconf 86' lang='lat' dir='ltr'><strong>iteri</strong></span> <span class='ocrx_word' id='word_1_507' title='bbox 418 3812 470 3853; x_wconf 84' lang='lat' dir='ltr'><strong>nott</strong></span> <span class='ocrx_word' id='word_1_508' title='bbox 482 3793 603 3867; x_wconf 88' lang='lat' dir='ltr'><strong>possintl</strong></span> <span class='ocrx_word' id='word_1_509' title='bbox 619 3794 688 3863; x_wconf 85' lang='lat' dir='ltr'><strong>Quid</strong></span> <span class='ocrx_word' id='word_1_510' title='bbox 699 3801 750 3859; x_wconf 87' lang='lat' dir='ltr'><strong>est,</strong></span> <span class='ocrx_word' id='word_1_511' title='bbox 773 3793 845 3865; x_wconf 87' lang='lat' dir='ltr'><strong>quod</strong></span> <span class='ocrx_word' id='word_1_512' title='bbox 861 3794 953 3851; x_wconf 80' lang='lat' dir='ltr'><strong>dixisti</strong></span> <span class='ocrx_word' id='word_1_513' title='bbox 1004 3791 1037 3846; x_wconf 93' lang='lat' dir='ltr'><strong>ad</strong></span> <span class='ocrx_word' id='word_1_514' title='bbox 1049 3791 1117 3847; x_wconf 90' lang='lat' dir='ltr'><strong>bene</strong></span> <span class='ocrx_word' id='word_1_515' title='bbox 1130 3791 1229 3857; x_wconf 85' lang='lat' dir='ltr'><strong>iacere,</strong></span> <span class='ocrx_word' id='word_1_516' title='bbox 1243 3808 1330 3863; x_wconf 87' lang='lat' dir='ltr'><strong>neque</strong></span> <span class='ocrx_word' id='word_1_517' title='bbox 1340 3794 1374 3849; x_wconf 87' lang='lat' dir='ltr'><strong>ad</strong></span> <span class='ocrx_word' id='word_1_518' title='bbox 1387 3794 1456 3850; x_wconf 86' lang='lat' dir='ltr'><strong>tnala</strong></span> <span class='ocrx_word' id='word_1_519' title='bbox 1466 3796 1638 3850; x_wconf 85' lang='lat' dir='ltr'><strong>committere</strong></span> <span class='ocrx_word' id='word_1_520' title='bbox 1655 3796 1667 3828; x_wconf 64' lang='grc' dir='ltr'><strong>ι</strong></span> <span class='ocrx_word' id='word_1_521' title='bbox 1681 3810 1795 3868; x_wconf 86' lang='lat' dir='ltr'><strong>praera-</strong></span> 
     </span>
     <span class='ocr_line' id='line_1_40' title="bbox 170 3879 1796 3958; baseline -0.003 -11"><span class='ocrx_word' id='word_1_522' title='bbox 170 3894 201 3947; x_wconf 90' lang='lat' dir='ltr'><strong>de</strong></span> <span class='ocrx_word' id='word_1_523' title='bbox 215 3890 317 3946; x_wconf 87' lang='lat' dir='ltr'><strong>mrrndo</strong></span> <span class='ocrx_word' id='word_1_524' title='bbox 331 3881 586 3958; x_wconf 86' lang='lat' dir='ltr'><strong>quadripertitolO</strong></span> <span class='ocrx_word' id='word_1_525' title='bbox 612 3883 766 3954; x_wconf 89' lang='lat' dir='ltr'><strong>plumbeum</strong></span> <span class='ocrx_word' id='word_1_526' title='bbox 790 3884 951 3954; x_wconf 82' lang='lat' dir='ltr'><strong>pugionem!</strong></span> <span class='ocrx_word' id='word_1_527' title='bbox 1003 3879 1072 3945; x_wconf 89' lang='lat' dir='ltr'><strong>lere,</strong></span> <span class='ocrx_word' id='word_1_528' title='bbox 1093 3882 1183 3937; x_wconf 91' lang='lat' dir='ltr'><strong>omnia</strong></span> <span class='ocrx_word' id='word_1_529' title='bbox 1210 3882 1277 3937; x_wconf 82' lang='lat' dir='ltr'><strong>liaeo</strong></span> <span class='ocrx_word' id='word_1_530' title='bbox 1304 3883 1331 3938; x_wconf 92' lang='lat' dir='ltr'><strong>in</strong></span> <span class='ocrx_word' id='word_1_531' title='bbox 1347 3884 1509 3940; x_wconf 86' lang='lat' dir='ltr'><strong>necessitate</strong></span> <span class='ocrx_word' id='word_1_532' title='bbox 1537 3886 1796 3956; x_wconf 85' lang='lat' dir='ltr'><strong>praedestinationis</strong></span> 
     </span>
     <span class='ocr_line' id='line_1_41' title="bbox 169 3971 1793 4049; baseline -0.004 -11"><span class='ocrx_word' id='word_1_533' title='bbox 169 3985 208 4039; x_wconf 79' lang='lat' dir='ltr'><strong>An</strong></span> <span class='ocrx_word' id='word_1_534' title='bbox 222 3980 292 4036; x_wconf 82' lang='lat' dir='ltr'><strong>inte</strong></span> <span class='ocrx_word' id='word_1_535' title='bbox 305 3979 443 4040; x_wconf 86' lang='lat' dir='ltr'><strong>aestimas,</strong></span> <span class='ocrx_word' id='word_1_536' title='bbox 466 3975 740 4047; x_wconf 88' lang='lat' dir='ltr'><strong>praedestinationem</strong></span> <span class='ocrx_word' id='word_1_537' title='bbox 763 3975 868 4030; x_wconf 88' lang='lat' dir='ltr'><strong>duabus</strong></span> <span class='ocrx_word' id='word_1_538' title='bbox 889 3991 955 4032; x_wconf 92' lang='lat' dir='ltr'><strong>con·</strong></span> <span class='ocrx_word' id='word_1_539' title='bbox 1004 3971 1235 4039; x_wconf 89' lang='lat' dir='ltr'><strong>impudentissime</strong></span> <span class='ocrx_word' id='word_1_540' title='bbox 1243 3973 1404 4044; x_wconf 84' lang='lat' dir='ltr'><strong>¹⁰pouendu.</strong></span> <span class='ocrx_word' id='word_1_541' title='bbox 1412 3975 1463 4030; x_wconf 86' lang='grc' dir='ltr'><strong>Αιι</strong></span> <span class='ocrx_word' id='word_1_542' title='bbox 1478 3975 1504 4030; x_wconf 88' lang='lat' dir='ltr'><strong>in</strong></span> <span class='ocrx_word' id='word_1_543' title='bbox 1512 3990 1556 4042; x_wconf 91' lang='lat' dir='ltr'><strong>eo,</strong></span> <span class='ocrx_word' id='word_1_544' title='bbox 1566 3975 1637 4046; x_wconf 89' lang='lat' dir='ltr'><strong>quod</strong></span> <span class='ocrx_word' id='word_1_545' title='bbox 1645 3977 1793 4049; x_wconf 88' lang='lat' dir='ltr'><strong>appetitum</strong></span> 
     </span>
     <span class='ocr_line' id='line_1_42' title="bbox 169 4042 1795 4143; baseline 0.001 -21"><span class='ocrx_word' id='word_1_546' title='bbox 169 4042 627 4143; x_wconf 57' lang='grc' dir='ltr'>ςῖιῖῖιῖιῖἷιῖιῖᾙιιιιιιιιιιιοιιιιιιι</span> <span class='ocrx_word' id='word_1_547' title='bbox 641 4065 956 4136; x_wconf 81' lang='lat' dir='ltr'><strong>murrdusquattuorele·</strong></span> <span class='ocrx_word' id='word_1_548' title='bbox 1005 4059 1082 4116; x_wconf 89' lang='lat' dir='ltr'><strong>liberi</strong></span> <span class='ocrx_word' id='word_1_549' title='bbox 1096 4062 1201 4119; x_wconf 89' lang='lat' dir='ltr'><strong>arbitrii</strong></span> <span class='ocrx_word' id='word_1_550' title='bbox 1232 4062 1337 4120; x_wconf 89' lang='lat' dir='ltr'><strong>laborat</strong></span> <span class='ocrx_word' id='word_1_551' title='bbox 1363 4065 1795 4129; x_wconf 77' lang='lat' dir='ltr'><strong>auferre,aduersantibusi‘ela·</strong></span> 
     </span>
     <span class='ocr_line' id='line_1_43' title="bbox 169 4153 1796 4233; baseline -0.001 -18"><span class='ocrx_word' id='word_1_552' title='bbox 169 4166 269 4225; x_wconf 75' lang='lat' dir='ltr'><strong>merids</strong></span> <span class='ocrx_word' id='word_1_553' title='bbox 281 4161 453 4233; x_wconf 77' lang='lat' dir='ltr'><strong>componitur</strong></span> <span class='ocrx_word' id='word_1_554' title='bbox 470 4160 497 4226; x_wconf 83' lang='lat'><strong>⁸,</strong></span> <span class='ocrx_word' id='word_1_555' title='bbox 515 4174 577 4215; x_wconf 88' lang='lat' dir='ltr'><strong>cunr</strong></span> <span class='ocrx_word' id='word_1_556' title='bbox 601 4159 636 4215; x_wconf 91' lang='lat' dir='ltr'><strong>sit</strong></span> <span class='ocrx_word' id='word_1_557' title='bbox 654 4158 746 4213; x_wconf 88' lang='lat' dir='ltr'><strong>unusi</strong></span> <span class='ocrx_word' id='word_1_558' title='bbox 764 4157 850 4213; x_wconf 87' lang='lat' dir='ltr'><strong>Simili</strong></span> <span class='ocrx_word' id='word_1_559' title='bbox 876 4159 955 4213; x_wconf 91' lang='lat' dir='ltr'><strong>modo</strong></span> <span class='ocrx_word' id='word_1_560' title='bbox 1006 4153 1102 4223; x_wconf 85' lang='lat' dir='ltr'><strong>glanae</strong></span> <span class='ocrx_word' id='word_1_561' title='bbox 1128 4154 1148 4185; x_wconf 89' lang='lat'><strong>¹¹</strong></span> <span class='ocrx_word' id='word_1_562' title='bbox 1163 4156 1270 4211; x_wconf 80' lang='lat' dir='ltr'><strong>ridetur</strong></span> <span class='ocrx_word' id='word_1_563' title='bbox 1294 4158 1458 4223; x_wconf 89' lang='lat' dir='ltr'><strong>consentire,</strong></span> <span class='ocrx_word' id='word_1_564' title='bbox 1483 4159 1527 4214; x_wconf 89' lang='lat' dir='ltr'><strong>eui</strong></span> <span class='ocrx_word' id='word_1_565' title='bbox 1551 4160 1649 4215; x_wconf 87' lang='lat' dir='ltr'><strong>iterum</strong></span> <span class='ocrx_word' id='word_1_566' title='bbox 1674 4160 1796 4225; x_wconf 88' lang='lat' dir='ltr'><strong>resultat,</strong></span> 
     </span>
     <span class='ocr_line' id='line_1_44' title="bbox 169 4224 1796 4326; baseline -0.002 -17"><span class='ocrx_word' id='word_1_567' title='bbox 169 4253 321 4326; x_wconf 84' lang='lat' dir='ltr'><strong>degenrina</strong></span> <span class='ocrx_word' id='word_1_568' title='bbox 336 4254 432 4308; x_wconf 86' lang='lat' dir='ltr'><strong>arbore</strong></span> <span class='ocrx_word' id='word_1_569' title='bbox 442 4248 506 4320; x_wconf 90' lang='lat' dir='ltr'><strong>quid</strong></span> <span class='ocrx_word' id='word_1_570' title='bbox 519 4247 688 4303; x_wconf 85' lang='lat' dir='ltr'><strong>delirasidn</strong></span> <span class='ocrx_word' id='word_1_571' title='bbox 705 4224 957 4318; x_wconf 51' lang='lat' dir='ltr'><strong>tortepffm‘s&#39;pra‘e</strong></span> <span class='ocrx_word' id='word_1_572' title='bbox 1006 4242 1070 4298; x_wconf 91' lang='lat' dir='ltr'><strong>dum</strong></span> <span class='ocrx_word' id='word_1_573' title='bbox 1094 4245 1163 4299; x_wconf 89' lang='lat' dir='ltr'><strong>dona</strong></span> <span class='ocrx_word' id='word_1_574' title='bbox 1193 4246 1300 4303; x_wconf 83' lang='lat' dir='ltr'><strong>divinae</strong></span> <span class='ocrx_word' id='word_1_575' title='bbox 1314 4249 1419 4319; x_wconf 87' lang='lat' dir='ltr'><strong>gratiae</strong></span> <span class='ocrx_word' id='word_1_576' title='bbox 1444 4250 1512 4305; x_wconf 91' lang='lat' dir='ltr'><strong>nibil</strong></span> <span class='ocrx_word' id='word_1_577' title='bbox 1538 4251 1641 4307; x_wconf 86' lang='lat' dir='ltr'><strong>bomini</strong></span> <span class='ocrx_word' id='word_1_578' title='bbox 1665 4253 1796 4322; x_wconf 89' lang='lat' dir='ltr'><strong>prolicere</strong></span> 
     </span>
     <span class='ocr_line' id='line_1_45' title="bbox 170 4316 1797 4431; baseline 0.002 -37"><span class='ocrx_word' id='word_1_579' title='bbox 170 4343 363 4431; x_wconf 49' lang='lat' dir='ltr'><strong>dannationis</strong></span> <span class='ocrx_word' id='word_1_580' title='bbox 376 4341 576 4411; x_wconf 87' lang='lat' dir='ltr'><strong>simplicitatem</strong></span> <span class='ocrx_word' id='word_1_581' title='bbox 603 4316 897 4410; x_wconf 63' lang='lat' dir='ltr'><strong>corupamndatn‘esse</strong></span> <span class='ocrx_word' id='word_1_582' title='bbox 913 4353 957 4393; x_wconf 88' lang='lat' dir='ltr'><strong>ra·</strong></span> <span class='ocrx_word' id='word_1_583' title='bbox 1006 4333 1187 4388; x_wconf 88' lang='lat' dir='ltr'><strong>commendat.</strong></span> <span class='ocrx_word' id='word_1_584' title='bbox 1204 4334 1377 4407; x_wconf 83' lang='lat' dir='ltr'><strong>Nequeenim</strong></span> <span class='ocrx_word' id='word_1_585' title='bbox 1389 4338 1457 4394; x_wconf 87' lang='lat' dir='ltr'><strong>dona</strong></span> <span class='ocrx_word' id='word_1_586' title='bbox 1471 4348 1544 4406; x_wconf 88' lang='lat' dir='ltr'><strong>suot,</strong></span> <span class='ocrx_word' id='word_1_587' title='bbox 1556 4356 1628 4411; x_wconf 89' lang='lat' dir='ltr'><strong>quae</strong></span> <span class='ocrx_word' id='word_1_588' title='bbox 1638 4356 1690 4396; x_wconf 92' lang='lat' dir='ltr'><strong>non</strong></span> <span class='ocrx_word' id='word_1_589' title='bbox 1703 4340 1797 4397; x_wconf 83' lang='lat' dir='ltr'><strong>solun-</strong></span> 
     </span>
     <span class='ocr_line' id='line_1_46' title="bbox 172 4425 1798 4502; baseline 0.003 -19"><span class='ocrx_word' id='word_1_590' title='bbox 172 4436 229 4493; x_wconf 76' lang='lat' dir='ltr'><strong>mts</strong></span> <span class='ocrx_word' id='word_1_591' title='bbox 252 4433 378 4488; x_wconf 71' lang='lat' dir='ltr'><strong>arborum</strong></span> <span class='ocrx_word' id='word_1_592' title='bbox 390 4429 402 4484; x_wconf 91' lang='lat' dir='ltr'><strong>i</strong></span> <span class='ocrx_word' id='word_1_593' title='bbox 413 4430 484 4485; x_wconf 89' lang='lat' dir='ltr'><strong>luter</strong></span> <span class='ocrx_word' id='word_1_594' title='bbox 505 4428 562 4495; x_wconf 92' lang='lat' dir='ltr'><strong>iiia,</strong></span> <span class='ocrx_word' id='word_1_595' title='bbox 579 4438 610 4483; x_wconf 92' lang='lat' dir='ltr'><strong>ut</strong></span> <span class='ocrx_word' id='word_1_596' title='bbox 622 4428 711 4492; x_wconf 84' lang='lat' dir='ltr'><strong>rideo,</strong></span> <span class='ocrx_word' id='word_1_597' title='bbox 722 4429 803 4494; x_wconf 87' lang='lat' dir='ltr'><strong>dolia,</strong></span> <span class='ocrx_word' id='word_1_598' title='bbox 815 4444 886 4499; x_wconf 87' lang='lat' dir='ltr'><strong>qrrne</strong></span> <span class='ocrx_word' id='word_1_599' title='bbox 907 4429 954 4485; x_wconf 78' lang='lat' dir='ltr'><strong>tilii</strong></span> <span class='ocrx_word' id='word_1_600' title='bbox 1009 4431 1076 4487; x_wconf 88' lang='lat' dir='ltr'><strong>tate,</strong></span> <span class='ocrx_word' id='word_1_601' title='bbox 1090 4425 1138 4479; x_wconf 83' lang='lat' dir='ltr'><strong>seri</strong></span> <span class='ocrx_word' id='word_1_602' title='bbox 1152 4427 1313 4482; x_wconf 87' lang='lat' dir='ltr'><strong>necessitate</strong></span> <span class='ocrx_word' id='word_1_603' title='bbox 1322 4426 1405 4493; x_wconf 85' lang='lat' dir='ltr'><strong>liirnt,</strong></span> <span class='ocrx_word' id='word_1_604' title='bbox 1418 4443 1480 4483; x_wconf 88' lang='lat' dir='ltr'><strong>cum</strong></span> <span class='ocrx_word' id='word_1_605' title='bbox 1490 4431 1617 4486; x_wconf 87' lang='lat' dir='ltr'><strong>omnibus</strong></span> <span class='ocrx_word' id='word_1_606' title='bbox 1631 4432 1798 4502; x_wconf 85' lang='lat' dir='ltr'><strong>sapientibus</strong></span> 
     </span>
     <span class='ocr_line' id='line_1_47' title="bbox 170 4511 1800 4600; baseline 0.002 -27"><span class='ocrx_word' id='word_1_607' title='bbox 170 4523 333 4600; x_wconf 71' lang='lat' dir='ltr'><strong>praeparari</strong></span> <span class='ocrx_word' id='word_1_608' title='bbox 347 4521 436 4593; x_wconf 65' lang='grc' dir='ltr'><strong>ιίιιιιιἸ</strong></span> <span class='ocrx_word' id='word_1_609' title='bbox 460 4518 515 4590; x_wconf 83' lang='lat' dir='ltr'><strong>jnnt</strong></span> <span class='ocrx_word' id='word_1_610' title='bbox 528 4518 663 4576; x_wconf 86' lang='lat' dir='ltr'><strong>involutus</strong></span> <span class='ocrx_word' id='word_1_611' title='bbox 684 4517 835 4575; x_wconf 75' lang='lat' dir='ltr'><strong>suffocaris.</strong></span> <span class='ocrx_word' id='word_1_612' title='bbox 861 4518 957 4576; x_wconf 72' lang='lat' dir='ltr'><strong>iterim</strong></span> <span class='ocrx_word' id='word_1_613' title='bbox 1010 4519 1038 4566; x_wconf 91' lang='lat' dir='ltr'><strong>et</strong></span> <span class='ocrx_word' id='word_1_614' title='bbox 1049 4511 1236 4581; x_wconf 89' lang='lat' dir='ltr'><strong>insipientibus</strong></span> <span class='ocrx_word' id='word_1_615' title='bbox 1247 4516 1419 4572; x_wconf 87' lang='lat' dir='ltr'><strong>notissimum</strong></span> <span class='ocrx_word' id='word_1_616' title='bbox 1430 4518 1475 4582; x_wconf 88' lang='lat' dir='ltr'><strong>sit,</strong></span> <span class='ocrx_word' id='word_1_617' title='bbox 1488 4518 1592 4587; x_wconf 89' lang='lat' dir='ltr'><strong>omnia,</strong></span> <span class='ocrx_word' id='word_1_618' title='bbox 1606 4534 1678 4590; x_wconf 90' lang='lat' dir='ltr'><strong>quae</strong></span> <span class='ocrx_word' id='word_1_619' title='bbox 1697 4521 1800 4576; x_wconf 92' lang='lat' dir='ltr'><strong>donan-</strong></span> 
     </span>
     <span class='ocr_line' id='line_1_48' title="bbox 170 4584 1799 4698; baseline 0.001 -31"><span class='ocrx_word' id='word_1_620' title='bbox 170 4611 309 4698; x_wconf 50' lang='lat' dir='ltr'><strong>qpippein</strong></span> <span class='ocrx_word' id='word_1_621' title='bbox 334 4609 394 4666; x_wconf 91' lang='lat' dir='ltr'><strong>cieo</strong></span> <span class='ocrx_word' id='word_1_622' title='bbox 404 4617 486 4679; x_wconf 89' lang='lat' dir='ltr'><strong>atque</strong></span> <span class='ocrx_word' id='word_1_623' title='bbox 499 4608 559 4680; x_wconf 85' lang='lat' dir='ltr'><strong>pice</strong></span> <span class='ocrx_word' id='word_1_624' title='bbox 572 4607 669 4663; x_wconf 89' lang='lat' dir='ltr'><strong>ardere</strong></span> <span class='ocrx_word' id='word_1_625' title='bbox 680 4607 805 4672; x_wconf 89' lang='lat' dir='ltr'><strong>debuisti,</strong></span> <span class='ocrx_word' id='word_1_626' title='bbox 820 4584 960 4679; x_wconf 66' lang='lat' dir='ltr'><strong>quffi‘ti-</strong></span> <span class='ocrx_word' id='word_1_627' title='bbox 1012 4610 1066 4668; x_wconf 90' lang='lat' dir='ltr'><strong>tur,</strong></span> <span class='ocrx_word' id='word_1_628' title='bbox 1083 4612 1111 4659; x_wconf 91' lang='lat' dir='ltr'><strong>et</strong></span> <span class='ocrx_word' id='word_1_629' title='bbox 1126 4603 1265 4660; x_wconf 73' lang='lat' dir='ltr'><strong>volumtate</strong></span> <span class='ocrx_word' id='word_1_630' title='bbox 1278 4606 1405 4663; x_wconf 89' lang='lat' dir='ltr'><strong>donantis</strong></span> <span class='ocrx_word' id='word_1_631' title='bbox 1419 4608 1522 4679; x_wconf 85' lang='lat' dir='ltr'><strong>largiri,</strong></span> <span class='ocrx_word' id='word_1_632' title='bbox 1532 4619 1561 4666; x_wconf 92' lang='lat' dir='ltr'><strong>et</strong></span> <span class='ocrx_word' id='word_1_633' title='bbox 1574 4611 1713 4668; x_wconf 82' lang='lat' dir='ltr'><strong>voluntate</strong></span> <span class='ocrx_word' id='word_1_634' title='bbox 1728 4612 1799 4669; x_wconf 74' lang='lat' dir='ltr'><strong>acci</strong></span> 
     </span>
     <span class='ocr_line' id='line_1_49' title="bbox 172 4692 1801 4774; baseline 0.003 -17"><span class='ocrx_word' id='word_1_635' title='bbox 172 4719 236 4761; x_wconf 84' lang='lat' dir='ltr'><strong>men</strong></span> <span class='ocrx_word' id='word_1_636' title='bbox 253 4701 388 4767; x_wconf 82' lang='lat' dir='ltr'><strong>caritatis,</strong></span> <span class='ocrx_word' id='word_1_637' title='bbox 408 4709 436 4756; x_wconf 91' lang='lat' dir='ltr'><strong>et</strong></span> <span class='ocrx_word' id='word_1_638' title='bbox 447 4698 605 4770; x_wconf 79' lang='lat' dir='ltr'><strong>mysterium</strong></span> <span class='ocrx_word' id='word_1_639' title='bbox 620 4697 874 4767; x_wconf 89' lang='lat' dir='ltr'><strong>praedestinationis</strong></span> <span class='ocrx_word' id='word_1_640' title='bbox 894 4713 961 4767; x_wconf 92' lang='lat' dir='ltr'><strong>per·</strong></span> <span class='ocrx_word' id='word_1_641' title='bbox 1010 4692 1109 4761; x_wconf 79' lang='lat' dir='ltr'><strong>pientia</strong></span> <span class='ocrx_word' id='word_1_642' title='bbox 1124 4693 1235 4765; x_wconf 84' lang='lat' dir='ltr'><strong>percipi.</strong></span> <span class='ocrx_word' id='word_1_643' title='bbox 1250 4695 1395 4768; x_wconf 87' lang='lat' dir='ltr'><strong>Proprium</strong></span> <span class='ocrx_word' id='word_1_644' title='bbox 1409 4713 1476 4756; x_wconf 85' lang='lat' dir='ltr'><strong>reno</strong></span> <span class='ocrx_word' id='word_1_645' title='bbox 1490 4699 1734 4769; x_wconf 84' lang='lat' dir='ltr'><strong>buiusbaereseoa,</strong></span> <span class='ocrx_word' id='word_1_646' title='bbox 1745 4717 1801 4774; x_wconf 85' lang='lat' dir='ltr'><strong>quo</strong></span> 
     </span>
     <span class='ocr_line' id='line_1_50' title="bbox 172 4782 1801 4869; baseline 0 -19"><span class='ocrx_word' id='word_1_647' title='bbox 172 4809 266 4869; x_wconf 87' lang='lat' dir='ltr'><strong>peram</strong></span> <span class='ocrx_word' id='word_1_648' title='bbox 280 4790 443 4848; x_wconf 89' lang='lat' dir='ltr'><strong>docerenon</strong></span> <span class='ocrx_word' id='word_1_649' title='bbox 456 4789 571 4846; x_wconf 89' lang='lat' dir='ltr'><strong>timuisti</strong></span> <span class='ocrx_word' id='word_1_650' title='bbox 588 4802 611 4842; x_wconf 73' lang='grc' dir='ltr'><strong>ι.</strong></span> <span class='ocrx_word' id='word_1_651' title='bbox 1011 4782 1096 4854; x_wconf 91' lang='lat' dir='ltr'><strong>ipsae,</strong></span> <span class='ocrx_word' id='word_1_652' title='bbox 1121 4785 1191 4839; x_wconf 87' lang='lat' dir='ltr'><strong>inter</strong></span> <span class='ocrx_word' id='word_1_653' title='bbox 1215 4802 1284 4858; x_wconf 75' lang='lat' dir='ltr'><strong>squas</strong></span> <span class='ocrx_word' id='word_1_654' title='bbox 1307 4788 1462 4846; x_wconf 88' lang='lat' dir='ltr'><strong>medietatis</strong></span> <span class='ocrx_word' id='word_1_655' title='bbox 1485 4789 1544 4847; x_wconf 89' lang='lat' dir='ltr'><strong>loco</strong></span> <span class='ocrx_word' id='word_1_656' title='bbox 1566 4792 1684 4862; x_wconf 87' lang='lat' dir='ltr'><strong>ponitur,</strong></span> <span class='ocrx_word' id='word_1_657' title='bbox 1706 4808 1801 4850; x_wconf 86' lang='lat' dir='ltr'><strong>carere</strong></span> 
     </span>
     <span class='ocr_line' id='line_1_51' title="bbox 170 4876 1802 4982; baseline 0.008 -52"><span class='ocrx_word' id='word_1_658' title='bbox 170 4900 177 4905; x_wconf 93' lang='lat'>·</span> <span class='ocrx_word' id='word_1_659' title='bbox 436 4922 635 4982; x_wconf 56' lang='lat' dir='ltr'><strong>mmmm</strong></span> <span class='ocrx_word' id='word_1_660' title='bbox 653 4922 687 4978; x_wconf 67' lang='lat' dir='ltr'><strong>w</strong></span> <span class='ocrx_word' id='word_1_661' title='bbox 1010 4876 1169 4946; x_wconf 89' lang='lat' dir='ltr'><strong>probantur.</strong></span> <span class='ocrx_word' id='word_1_662' title='bbox 1185 4878 1328 4951; x_wconf 82' lang='lat' dir='ltr'><strong>Pelagiana</strong></span> <span class='ocrx_word' id='word_1_663' title='bbox 1349 4882 1421 4937; x_wconf 90' lang='lat' dir='ltr'><strong>enirn</strong></span> <span class='ocrx_word' id='word_1_664' title='bbox 1448 4881 1610 4941; x_wconf 84' lang='lat' dir='ltr'><strong>viresiiberi</strong></span> <span class='ocrx_word' id='word_1_665' title='bbox 1624 4884 1802 4943; x_wconf 84' lang='lat' dir='ltr'><strong>arbitriisine</strong></span> 
     </span>
     <span class='ocr_line' id='line_1_52' title="bbox 643 4964 1801 5045; baseline 0.01 -26"><span class='ocrx_word' id='word_1_666' title='bbox 643 4986 649 4995; x_wconf 86' lang='lat'><strong>·</strong></span> <span class='ocrx_word' id='word_1_667' title='bbox 690 4964 698 4980; x_wconf 83' lang='lat'><strong>‘</strong></span> <span class='ocrx_word' id='word_1_668' title='bbox 1014 4966 1147 5037; x_wconf 80' lang='lat' dir='ltr'><strong>ariJutorio</strong></span> <span class='ocrx_word' id='word_1_669' title='bbox 1159 4968 1266 5026; x_wconf 82' lang='lat' dir='ltr'><strong>divinae</strong></span> <span class='ocrx_word' id='word_1_670' title='bbox 1275 4971 1387 5041; x_wconf 87' lang='lat' dir='ltr'><strong>gratiae,</strong></span> <span class='ocrx_word' id='word_1_671' title='bbox 1402 4973 1461 5045; x_wconf 86' lang='lat' dir='ltr'><strong>ejus</strong></span> <span class='ocrx_word' id='word_1_672' title='bbox 1470 4987 1535 5032; x_wconf 85' lang='lat' dir='ltr'><strong>sero</strong></span> <span class='ocrx_word' id='word_1_673' title='bbox 1545 4976 1692 5032; x_wconf 80' lang='lat' dir='ltr'><strong>adversans</strong></span> <span class='ocrx_word' id='word_1_674' title='bbox 1701 4976 1801 5034; x_wconf 88' lang='lat' dir='ltr'><strong>donum</strong></span> 
     </span>
     <span class='ocr_line' id='line_1_53' title="bbox 910 5061 1801 5137; baseline 0.008 -20"><span class='ocrx_word' id='word_1_675' title='bbox 910 5119 914 5129; x_wconf 71' lang='grc'>,</span> <span class='ocrx_word' id='word_1_676' title='bbox 1014 5061 1184 5120; x_wconf 88' lang='lat' dir='ltr'><strong>solummodo</strong></span> <span class='ocrx_word' id='word_1_677' title='bbox 1209 5065 1314 5137; x_wconf 89' lang='lat' dir='ltr'><strong>gratiae</strong></span> <span class='ocrx_word' id='word_1_678' title='bbox 1326 5067 1428 5137; x_wconf 88' lang='lat' dir='ltr'><strong>absque</strong></span> <span class='ocrx_word' id='word_1_679' title='bbox 1456 5067 1533 5125; x_wconf 89' lang='lat' dir='ltr'><strong>liberi</strong></span> <span class='ocrx_word' id='word_1_680' title='bbox 1554 5068 1661 5125; x_wconf 89' lang='lat' dir='ltr'><strong>arbitrii</strong></span> <span class='ocrx_word' id='word_1_681' title='bbox 1682 5069 1743 5126; x_wconf 88' lang='lat' dir='ltr'><strong>nisu</strong></span> <span class='ocrx_word' id='word_1_682' title='bbox 1766 5068 1801 5124; x_wconf 90' lang='lat' dir='ltr'><strong>ad</strong></span> 
     </span>
     <span class='ocr_line' id='line_1_54' title="bbox 210 5148 1801 5243; baseline 0.004 -35"><span class='ocrx_word' id='word_1_683' title='bbox 210 5150 233 5208; x_wconf 73' lang='lat' dir='ltr'><strong>i.</strong></span> <span class='ocrx_word' id='word_1_684' title='bbox 250 5149 462 5243; x_wconf 57' lang='lat' dir='ltr'><strong>&amp;stultaque</strong></span> <span class='ocrx_word' id='word_1_685' title='bbox 475 5148 511 5206; x_wconf 91' lang='lat' dir='ltr'><strong>de</strong></span> <span class='ocrx_word' id='word_1_686' title='bbox 521 5162 587 5217; x_wconf 89' lang='lat' dir='ltr'><strong>una,</strong></span> <span class='ocrx_word' id='word_1_687' title='bbox 598 5162 673 5216; x_wconf 79' lang='lat' dir='ltr'><strong>vera,</strong></span> <span class='ocrx_word' id='word_1_688' title='bbox 689 5149 798 5220; x_wconf 90' lang='lat' dir='ltr'><strong>solaque</strong></span> <span class='ocrx_word' id='word_1_689' title='bbox 812 5151 965 5208; x_wconf 88' lang='lat' dir='ltr'><strong>incommu·</strong></span> <span class='ocrx_word' id='word_1_690' title='bbox 1012 5152 1146 5222; x_wconf 81' lang='lat' dir='ltr'><strong>justitiam</strong></span> <span class='ocrx_word' id='word_1_691' title='bbox 1160 5157 1367 5227; x_wconf 85' lang='lat' dir='ltr'><strong>perpetrandam</strong></span> <span class='ocrx_word' id='word_1_692' title='bbox 1381 5157 1504 5215; x_wconf 78' lang='lat' dir='ltr'><strong>subicere</strong></span> <span class='ocrx_word' id='word_1_693' title='bbox 1519 5157 1675 5214; x_wconf 86' lang='lat' dir='ltr'><strong>arbitratur.</strong></span> <span class='ocrx_word' id='word_1_694' title='bbox 1692 5157 1746 5214; x_wconf 80' lang='lat' dir='ltr'><strong>Sed</strong></span> <span class='ocrx_word' id='word_1_695' title='bbox 1756 5172 1801 5214; x_wconf 85' lang='lat' dir='ltr'><strong>ea·</strong></span> 
     </span>
    </p>
   </div>
   <div class='ocr_carea' id='block_1_3' title="bbox 798 5281 1147 5341">
    <p class='ocr_par' dir='ltr' id='par_1_3' title="bbox 798 5281 1147 5341">
     <span class='ocr_line' id='line_1_55' title="bbox 798 5281 1147 5341; baseline 0.003 -4"><span class='ocrx_word' id='word_1_696' title='bbox 798 5281 926 5339; x_wconf 74' lang='lat' dir='ltr'><strong>tantuli</strong></span> <span class='ocrx_word' id='word_1_697' title='bbox 941 5282 1147 5341; x_wconf 62' lang='lat' dir='ltr'><strong>tacitanus,</strong></span> 
     </span>
    </p>
   </div>
   <div class='ocr_carea' id='block_1_4' title="bbox 175 5394 1804 5613">
    <p class='ocr_par' dir='ltr' id='par_1_4' title="bbox 175 5394 1804 5613">
     <span class='ocr_line' id='line_1_56' title="bbox 214 5394 1804 5470; baseline 0 -16"><span class='ocrx_word' id='word_1_698' title='bbox 214 5400 308 5459; x_wconf 74' lang='lat' dir='ltr'><strong>¹cod</strong></span> <span class='ocrx_word' id='word_1_699' title='bbox 326 5397 448 5470; x_wconf 79' lang='lat' dir='ltr'><strong>reliquid.</strong></span> <span class='ocrx_word' id='word_1_700' title='bbox 484 5394 580 5454; x_wconf 73' lang='lat' dir='ltr'><strong>&#39;cod</strong></span> <span class='ocrx_word' id='word_1_701' title='bbox 595 5412 702 5468; x_wconf 81' lang='lat' dir='ltr'><strong>pnssrn.</strong></span> <span class='ocrx_word' id='word_1_702' title='bbox 740 5394 835 5451; x_wconf 80' lang='lat' dir='ltr'><strong>⁸Cod.</strong></span> <span class='ocrx_word' id='word_1_703' title='bbox 851 5411 954 5464; x_wconf 85' lang='lat' dir='ltr'><strong>qsesso.</strong></span> <span class='ocrx_word' id='word_1_704' title='bbox 993 5394 1087 5451; x_wconf 73' lang='lat' dir='ltr'><strong>‘Cod</strong></span> <span class='ocrx_word' id='word_1_705' title='bbox 1098 5403 1233 5464; x_wconf 68' lang='lat' dir='ltr'><strong>quattuor.</strong></span> <span class='ocrx_word' id='word_1_706' title='bbox 1271 5395 1433 5466; x_wconf 76' lang='lat' dir='ltr'><strong>⁸siccari,</strong></span> <span class='ocrx_word' id='word_1_707' title='bbox 1448 5396 1597 5455; x_wconf 83' lang='lat' dir='ltr'><strong>il.snnslt&#39;.</strong></span> <span class='ocrx_word' id='word_1_708' title='bbox 1634 5397 1804 5456; x_wconf 53' lang='lat' dir='ltr'><strong>teocam</strong></span> 
     </span>
     <span class='ocr_line' id='line_1_57' title="bbox 175 5462 1801 5546; baseline -0.017 -19"><span class='ocrx_word' id='word_1_709' title='bbox 175 5474 295 5546; x_wconf 74' lang='grc' dir='ltr'>ροιιιιιιι,</span> <span class='ocrx_word' id='word_1_710' title='bbox 308 5471 468 5539; x_wconf 87' lang='lat' dir='ltr'><strong>sicubique.</strong></span> <span class='ocrx_word' id='word_1_711' title='bbox 506 5467 594 5522; x_wconf 76' lang='lat' dir='ltr'><strong>&#39;Cod</strong></span> <span class='ocrx_word' id='word_1_712' title='bbox 605 5464 819 5528; x_wconf 82' lang='lat' dir='ltr'><strong>incommutabili,</strong></span> <span class='ocrx_word' id='word_1_713' title='bbox 833 5465 873 5520; x_wconf 89' lang='lat' dir='ltr'><strong>sic</strong></span> <span class='ocrx_word' id='word_1_714' title='bbox 886 5464 942 5519; x_wconf 91' lang='lat' dir='ltr'><strong>iere</strong></span> <span class='ocrx_word' id='word_1_715' title='bbox 958 5464 1068 5535; x_wconf 87' lang='lat' dir='ltr'><strong>ubique.</strong></span> <span class='ocrx_word' id='word_1_716' title='bbox 1105 5462 1199 5522; x_wconf 73' lang='lat' dir='ltr'><strong>⁸(lod.</strong></span> <span class='ocrx_word' id='word_1_717' title='bbox 1229 5468 1359 5524; x_wconf 81' lang='lat' dir='ltr'><strong>sendieet.</strong></span> <span class='ocrx_word' id='word_1_718' title='bbox 1395 5466 1492 5527; x_wconf 80' lang='lat' dir='ltr'><strong>’Cod</strong></span> <span class='ocrx_word' id='word_1_719' title='bbox 1513 5470 1656 5525; x_wconf 82' lang='lat' dir='ltr'><strong>comittere.</strong></span> <span class='ocrx_word' id='word_1_720' title='bbox 1696 5466 1718 5502; x_wconf 88' lang='grc' dir='ltr'><strong>ιι</strong></span> <span class='ocrx_word' id='word_1_721' title='bbox 1732 5465 1801 5527; x_wconf 51' lang='lat' dir='ltr'><strong>pop·</strong></span> 
     </span>
     <span class='ocr_line' id='line_1_58' title="bbox 176 5534 902 5613; baseline -0.012 -15"><span class='ocrx_word' id='word_1_722' title='bbox 176 5542 404 5613; x_wconf 68' lang='lat' dir='ltr'><strong>impudentissime,</strong></span> <span class='ocrx_word' id='word_1_723' title='bbox 419 5540 458 5596; x_wconf 85' lang='lat' dir='ltr'><strong>sic</strong></span> <span class='ocrx_word' id='word_1_724' title='bbox 470 5552 587 5607; x_wconf 87' lang='lat' dir='ltr'><strong>semper.</strong></span> <span class='ocrx_word' id='word_1_725' title='bbox 626 5536 646 5567; x_wconf 88' lang='lat'><strong>¹¹</strong></span> <span class='ocrx_word' id='word_1_726' title='bbox 666 5534 733 5591; x_wconf 83' lang='lat' dir='ltr'><strong>Coti.</strong></span> <span class='ocrx_word' id='word_1_727' title='bbox 757 5534 902 5606; x_wconf 81' lang='lat' dir='ltr'><strong>pelugitme.</strong></span> 
     </span>
    </p>
   </div>
   <div class='ocr_carea' id='block_1_5' title="bbox 214 5621 1044 5796">
    <p class='ocr_par' dir='ltr' id='par_1_5' title="bbox 214 5621 1044 5796">
     <span class='ocr_line' id='line_1_59' title="bbox 919 5623 1044 5680; baseline 0.024 -3"><span class='ocrx_word' id='word_1_728' title='bbox 919 5623 940 5677; x_wconf 83' lang='lat' dir='ltr'><strong>it</strong></span> <span class='ocrx_word' id='word_1_729' title='bbox 1036 5664 1044 5680; x_wconf 94' lang='lat'><strong>.</strong></span> 
     </span>
     <span class='ocr_line' id='line_1_60' title="bbox 214 5621 1034 5796; baseline -0.01 -15"><span class='ocrx_word' id='word_1_730' title='bbox 214 5737 229 5768; x_wconf 67' lang='grc' dir='ltr'><strong>ι</strong></span> <span class='ocrx_word' id='word_1_731' title='bbox 247 5725 286 5781; x_wconf 86' lang='lat' dir='ltr'><strong>Dc</strong></span> <span class='ocrx_word' id='word_1_732' title='bbox 305 5732 433 5796; x_wconf 89' lang='lat' dir='ltr'><strong>quattuor</strong></span> <span class='ocrx_word' id='word_1_733' title='bbox 456 5717 534 5777; x_wconf 89' lang='lat' dir='ltr'><strong>doliis</strong></span> <span class='ocrx_word' id='word_1_734' title='bbox 559 5716 596 5773; x_wconf 87' lang='lat' dir='ltr'><strong>ci.</strong></span> <span class='ocrx_word' id='word_1_735' title='bbox 614 5714 736 5773; x_wconf 86' lang='lat' dir='ltr'><strong>Cotriess.</strong></span> <span class='ocrx_word' id='word_1_736' title='bbox 749 5716 890 5789; x_wconf 90' lang='lat' dir='ltr'><strong>prolixior.</strong></span> <span class='ocrx_word' id='word_1_737' title='bbox 906 5621 1034 5773; x_wconf 45' lang='lat' dir='ltr'><strong>fleg?</strong></span> 
     </span>
    </p>
   </div>
   <div class='ocr_carea' id='block_1_6' title="bbox 247 5035 889 5108">
    <p class='ocr_par' dir='ltr' id='par_1_6' title="bbox 247 5035 889 5108">
     <span class='ocr_line' id='line_1_61' title="bbox 247 5035 889 5108; baseline -0.002 -14"><span class='ocrx_word' id='word_1_738' title='bbox 247 5036 288 5093; x_wconf 82' lang='lat' dir='ltr'><strong>De</strong></span> <span class='ocrx_word' id='word_1_739' title='bbox 300 5053 364 5106; x_wconf 79' lang='lat' dir='ltr'><strong>sxa,</strong></span> <span class='ocrx_word' id='word_1_740' title='bbox 379 5053 450 5102; x_wconf 83' lang='lat' dir='ltr'><strong>nera,</strong></span> <span class='ocrx_word' id='word_1_741' title='bbox 466 5036 572 5108; x_wconf 80' lang='lat' dir='ltr'><strong>soloque</strong></span> <span class='ocrx_word' id='word_1_742' title='bbox 583 5035 633 5090; x_wconf 83' lang='lat' dir='ltr'><strong>Dei</strong></span> <span class='ocrx_word' id='word_1_743' title='bbox 643 5036 889 5108; x_wconf 83' lang='lat' dir='ltr'><strong>praedestinatione.</strong></span> 
     </span>
    </p>
   </div>
   <div class='ocr_carea' id='block_1_7' title="bbox 0 0 2107 6625">
    <p class='ocr_par' dir='ltr' id='par_1_7' title="bbox 0 0 2107 6625">
     <span class='ocr_line' id='line_1_62' title="bbox 0 0 2107 6625; baseline 0 0"><span class='ocrx_word' id='word_1_744' title='bbox 0 0 2107 6625; x_wconf 95' lang='lat' dir='ltr'><strong> </strong></span> 
     </span>
    </p>
   </div>
  </div>
 </body>
</html>
