4167 6625
66 401 135 461 79⁷

514 403 558 459 DE
576 398 746 462 ntvtsmuu
765 401 942 462 NATURAE.
959 431 996 446 -
1013 398 1116 458 utnon
1134 398 1313 471 QUARTUS.

1686 410 1738 472 tut

66 516 239 589 cumplures
254 516 424 589 cspdeitmetl,
441 517 615 574 sicutdictum
628 527 681 585 est,
692 516 890 573 immutabiliori
905 520 930 582 Α
943 515 1081 573 reducens.
1095 512 1157 584 ipsu
1171 515 1254 586 ipitur
1272 514 1452 573 restitutorum
1466 517 1518 575 uita
1529 519 1565 574 td
1586 536 1655 592 eam,
1671 541 1739 599 auae

65 610 207 682 possidet
219 618 315 663 notura
335 612 354 663 ¹.
369 610 485 664 Causast
497 626 556 665 uero
569 609 630 666 talis
638 608 892 680 superincommun-

68 705 123 760 sris
139 702 198 757 soli
208 703 313 773 quidem
324 704 453 768 uenerint,
464 704 510 774 qui
522 704 654 758 ueritatem
665 718 712 772 per
722 718 750 756 se
761 700 858 768 uident,
868 710 892 756 et

68 792 206 849 ministri
217 804 280 851 enm
291 794 369 853 cerii.
385 794 441 850 Nos
452 805 551 861 autem,
566 806 694 867 quantum
707 794 829 866 pcssiiile
843 804 892 861 est,

68 900 112 941 ex
122 885 290 957 quibusdam
304 887 461 957 conpetunt
471 899 549 958 atque
560 888 751 958 consequentiis
759 888 893 941 ueritatem

69 974 298 1051 silentes'‚quod
306 982 333 1035 iu
343 981 461 1035 animum
471 981 549 1045 uenit,
560 981 895 1051 nrmpronuntiatiueenpe·
912 1002 914 1010 ,

71 1070 214 1138 stemus,‘
224 1070 387 1127 sedneiutiin
398 1074 533 1143 pymnasio
543 1072 895 1141 anrilusfidelitnsandien·
912 1100 914 1103 ·

71 1162 115 1215 dci
130 1178 324 1233 proponemus.
339 1162 409 1231 Quid
421 1179 481 1235 erpo
493 1173 541 1229 est,
552 1165 622 1236 pund
635 1165 667 1219 de
676 1164 716 1219 itis
728 1162 895 1236 capitantnsl

76 1248 200 1321 Sirmio,
215 1255 261 1325 prii
283 1254 375 1309 dicit:
392 1254 452 1326 feeit
483 1254 552 1310 Deus
567 1256 708 1323 imminent,
726 1257 831 1326 inpunita
861 1257 893 1310 si·

75 1342 264 1416 purificatione
288 1362 389 1402 ornnem
414 1347 604 1402 humanitatem
616 1349 738 1402 ostendit.
752 1344 814 1402 Nan
825 1349 893 1402 enim

76 1438 159 1490 utine
170 1428 374 1508 coartent'u‘atnr
384 1451 520 1494 cretrtnrae
534 1438 631 1505 Adam,
649 1440 718 1494 sient
730 1440 756 1493 in
768 1440 895 1510 sequenti·

77 1527 134 1582 ons
149 1528 265 1583 lrr'starr'c
280 1529 354 1594 elicit,
368 1535 412 1584 sed
424 1546 517 1585 ttamen
536 1539 624 1584 creato
634 1530 733 1584 lromini
751 1546 802 1584 nan
820 1528 894 1583 uliud

76 1618 226 1690 quoddam
239 1621 420 1677 uniuersaliter
433 1632 481 1677 est.
498 1622 670 1694 Non⁸ipirnr
688 1621 830 1678 uniuersali
844 1640 894 1677 nu·

76 1718 165 1766 turae
189 1712 322 1767 roratione
343 1712 395 1767 tnle
418 1712 520 1786 aliquid
538 1714 668 1785 suspirari
688 1714 892 1780 introducimur,

76 1804 150 1874 qnia
168 1804 198 1858 in
223 1803 313 1857 diuina
327 1806 476 1874 praesemin
494 1804 542 1861 'et
571 1807 667 1860 u'rtule
688 1806 774 1859 onrnis
796 1804 893 1859 lunta-

943 613 1049 685 proprie
1060 608 1343 682 rupelorumlsaietur,
1350 612 1467 682 prolecto
1477 623 1538 669 ante
1550 617 1653 673 ruinam
1660 635 1739 693 anae·

943 702 985 757 lus
997 702 1107 773 auidum
1115 699 1200 755 ¹‘erat
1215 715 1224 755 c
1234 709 1372 772 propterea
1383 704 1480 774 ipread
1485 708 1665 778 antiquitatem
1672 710 1740 769 uitae

943 803 1049 848 nostrae
1061 792 1159 846 reditus
1179 792 1280 861 arrpelis
1300 791 1472 849 assimilatur.
1484 794 1609 854 Attamen
1620 802 1687 856 sicut
1699 803 1741 858 di·

943 895 1013 942 ctum
1027 894 1079 951 est,
1091 884 1189 956 nuptiis
1201 885 1272 955 apud
1289 901 1334 941 ecs
1349 885 1375 921 ¹¹
1382 903 1435 941 non
1457 890 1627 949 existentiam
1642 895 1670 950 in
1682 908 1741 968 mp-

944 975 1066 1032 riadiius
1078 975 1191 1046 infinitis
1200 973 1311 1031 militias
1323 979 1475 1048 anpelcrum
1490 992 1569 1049 snnt,·
1580 985 1618 1039 sic
1628 987 1698 1041 enirn
1712 988 1740 1045 in

944 1066 1086 1123 tisluniius
1098 1065 1193 1125 burriel
1202 1066 1331 1121 narrarit.
1345 1066 1495 1139 lionipltnr
1505 1088 1552 1141 per
1561 1075 1672 1131 eundem
1691 1078 1739 1133 lto·

943 1154 1084 1222 utinem,si
1093 1153 1169 1209 nullu
1180 1159 1313 1211 consertio
1326 1166 1351 1212 et
1362 1166 1477 1214 recessus
1490 1159 1522 1214 ai
1534 1163 1741 1235 arrpeliearceie-

944 1254 997 1301 ta'te
1006 1263 1039 1301 ea
1047 1256 1152 1319 peccato
1160 1245 1235 1301 noiis
1242 1246 1325 1316 peret,
1333 1248 1456 1318 fortassis
1468 1266 1515 1307 uos
1522 1254 1661 1325 ttnpliisod
1672 1258 1741 1312 mul-

943 1338 1132 1409 tiplicationem
1143 1337 1324 1410 ellipsremur.
1334 1338 1526 1413 Aliusqnidam
1541 1348 1617 1402 estin
1630 1358 1742 1407 naturae

945 1428 1101 1499 anpelorum
1123 1428 1354 1500 multiplicationis
1368 1432 1472 1498 modus,
1481 1435 1625 1505 ineffabilis
1635 1440 1741 1509 putten

943 1518 1180 1591 et-iniutellipiiilis
1189 1521 1312 1576 numenoio
1323 1528 1595 1593 orpnmentatiouiiirs
1603 1546 1612 1593 ,·
1619 1540 1743 1589 uernnln·

944 1626 1003 1665 men
1016 1611 1079 1682 puin
1088 1610 1109 1642 ¹⁸
1119 1612 1226 1669 omnino
1238 1620 1287 1676 est,
1298 1611 1353 1682 ipse
1361 1614 1440 1669 etiam
1451 1615 1540 1683 initis,
1551 1620 1596 1689 qni
1603 1619 1682 1690 paula
1693 1623 1743 1678 ml·

944 1718 994 1758 nus
1004 1703 1037 1758 ci
1047 1702 1147 1774 nnpelis
1158 1702 1181 1736 ⁸¹
1192 1704 1316 1761 minornti
1325 1714 1395 1770 sunt,
1412 1720 1566 1779 operaretur
1576 1711 1609 1779 ¹⁸,
1622 1715 1650 1783 ia
1660 1715 1743 1789 ipsam

945 1795 1081 1866 definitum
1090 1797 1199 1867 [actoris
1211 1795 1320 1851 consilio
1330 1812 1481 1856 mensurum
1492 1803 1683 1863 immanitatem
1696 1827 1744 1864 au·

77 1895 159 1950 tritas
174 1895 202 1950 in
215 1896 301 1966 primo
319 1897 503 1952 constitutione
514 1898 699 1969 conspreltensa
711 1906 758 1953 est.
777 1896 886 1968 Oportet
904 1891 925 1950 B
938 1878 1010 1958 pent.
1021 1886 1052 1941 δί
1063 1900 1122 1940 lm
1133 1895 1234 1939 ‘Milli
1244 1884 1342 1957 '’qnis,
1352 1892 1746 1959 perrerartonr'scntnarnm„102

76 1984 159 2045 0551„
176 1989 214 2043 „tt
235 1988 289 2043 050
309 1990 441 2059 infinitum
459 1987 546 2055 intus,
562 1989 713 2063 quaeapeo
730 1990 802 2061 pacm
817 2000 889 2055 gum,
942 1979 1006 2032 dum
1017 1977 1165 2049 inquirens,
1177 1978 1227 2031 nisi
1239 1976 1395 2050 alllparetur
1409 1985 1561 2054 nuptiarum
1569 1994 1746 2060 cooperationi

77 2076 246 2147 aestimare,
262 2087 307 2137 sed
321 2082 530 2153 uniuscujusque
542 2098 643 2147 eornm,
659 2098 726 2153 anae
745 2091 817 2148 sunt,
829 2081 891 2151 linis
943 2070 1032 2135 lromo,
1059 2070 1245 2141 respondemus
1265 2071 1289 2104 '⁰
1314 2081 1339 2128 ei
1356 2089 1403 2129 twt
1428 2076 1562 2146 uttpelt'ctte
1584 2081 1747 2140 minamine

74 2182 105 2228 et
138 2187 267 2226 mensuro
293 2171 541 2242 circumponderans
558 2172 666 2241 [ueteris
693 2172 822 2241 snpientia
842 2181 890 2226 est.
942 2161 1063 2226 modum,
1080 2162 1212 2233 llll⁰lll⁰d⁰
1229 2162 1255 2216 in
1268 2163 1289 2199 '¹
1304 2162 1421 2232 infinitis
1431 2167 1593 2236 utpdudlius
1603 2168 1644 2226 illi
1654 2183 1677 2227 et
1692 2188 1746 2230 rina

77 2262 323 2330 Quemadmodum
334 2264 416 2335 ipitur
426 2263 522 2334 aliquis
531 2268 607 2316 lromn
619 2262 735 2334 eorporis
748 2264 894 2320 quantitate
944 2256 1058 2309 essentia
1074 2257 1202 2320 existunt,
1217 2262 1240 2309 et
1254 2256 1282 2311 in
1300 2256 1391 2312 ntultis
1405 2271 1591 2316 nunterantnr.
1604 2261 1662 2318 Hoc
1676 2267 1746 2321 enim

76 2366 246 2423 coartatur,
260 2365 285 2410 et
301 2371 426 2411 ostensura
438 2355 488 2409 ciii
500 2355 663 2410 suistnntine
674 2352 830 2423 mapnitudo
844 2363 892 2419 est,
945 2358 1003 2418 epte
1025 2349 1237 2419 respondebimus
1260 2351 1426 2420 proponenti,
1450 2353 1581 2423 quemodo
1602 2364 1669 2411 esset
1692 2357 1746 2427 line

76 2442 894 2519 quaeinsuperficiecorporisperficitur:sic,arlitror,ueluti
945 2442 1043 2511 nuptiis
1062 2442 1150 2508 lromo,
1165 2443 1291 2509 dieentes,
1306 2445 1374 2498 sieut
1388 2453 1449 2499 runt
1460 2446 1546 2517 nnpeli
1560 2447 1616 2503 sine
1629 2450 1745 2521 nuptiis:

78 2536 115 2592 im
124 2550 184 2591 unc
193 2553 301 2608 corpore
311 2544 393 2590 totam
402 2535 576 2590 immanitatis
582 2533 771 2605 plenitudinem
783 2550 895 2605 propne-
945 2534 1077 2589 luentiuenr
1089 2537 1157 2589 euim
1168 2535 1378 2592 simililer¹¹illis
1387 2537 1469 2608 [uisse
1479 2547 1539 2593 ante
1548 2541 1748 2610 praeuaricatio-

79 2628 158 2682 str'cn
172 2627 264 2682 uirtute
283 2644 300 2680 a
320 2624 374 2680 uec
386 2624 501 2680 omnium
520 2626 734 2697 comprelrenscnt
753 2623 847 2695 [nisse.
860 2625 895 2679 Et
947 2641 1004 2680 nern
1019 2627 1132 2681 ostendit
1145 2628 1200 2698 ipsa
1221 2629 1249 2683 in
1269 2627 1344 2683 illum
1361 2631 1457 2685 iterum
1478 2633 1617 2690 restitutio.
1634 2634 1685 2692 llis
1701 2636 1749 2693 ile·

81 2717 140 2773 icoc
151 2718 228 2773 docet
241 2733 338 2783 senno,
354 2716 399 2787 qui
410 2715 491 2771 dicit:
505 2714 574 2782 Quin
589 2715 649 2787 fecit
661 2715 733 2771 liens
753 2715 895 2782 loannem,
948 2729 1006 2768 runs
1021 2732 1037 2768 n
1058 2716 1131 2770 stolis
1146 2716 1250 2786 siriam
1264 2717 1472 2787 terneliensis,
1492 2722 1519 2776 in
1529 2720 1553 2754 ⁸⁸
1570 2724 1684 2793 priorim
1701 2741 1748 2781 rn-

82 2809 238 2866 seeundum
257 2809 399 2879 imupinem
413 2806 461 2862 Dei
471 2806 532 2878 feeit
544 2823 614 2861 enm.
631 2805 693 2861 Non
704 2805 774 2861 'errirn
785 2806 813 2860 in
822 2815 898 2876 parte
948 2804 1044 2859 tiortenr
1067 2805 1230 2860 redeundum
1245 2818 1293 2872 est,
1308 2809 1439 2878 quomodo
1458 2820 1516 2880 post
1535 2810 1747 2868 constitutionem

84 2910 210 2957 staturae
226 2902 323 2972 imcpo,
336 2915 418 2970 nenne
430 2899 457 2952 in
471 2898 586 2969 modum
601 2912 701 2961 earum,
712 2912 780 2963 auae
805 2910 898 2951 seeun-
947 2898 1073 2969 inopinis
1087 2900 1171 2968 ipsam
1191 2900 1335 2953 secundnm
1355 2900 1502 2955 matrnlnm
1515 2908 1539 2956 et
1554 2903 1679 2972 [erniirnnr
1694 2904 1748 2976 tiis·

85 2995 159 3049 dunt
191 2992 275 3061 ipsam
305 2990 675 3060 corrsiderantnr,pratinest,
694 2990 739 3044 sed
760 2989 787 3043 in
814 2997 897 3042 tatum
947 2989 1087 3058 ferentium
1107 2990 1351 3057 supermachinatus
1370 3001 1407 3045 est
1429 2993 1499 3046 Deus
1520 2993 1684 3065 [centurioni.
1706 2990 1747 3050 Ad

84 3100 177 3158 penso
192 3082 338 3154 aequaliter
369 3081 431 3136 tulis
448 3082 564 3151 peruenit
583 3083 675 3134 uirtus.
691 3079 803 3150 Sipnnm
836 3090 897 3132 uero
948 3081 996 3134 lrac
1016 3082 1085 3135 enim
1103 3081 1162 3135 dice
1182 3080 1272 3136 utilem
1293 3097 1349 3136 esse
1369 3087 1443 3154 prius
1466 3084 1645 3155 perlectamn
1673 3088 1748 3144 nolis

85 3184 142 3239 est,
150 3168 601 3246 quod‘omniinssimiliterunimus
609 3168 763 3232 collocatur,
771 3172 832 3221 stum
841 3183 896 3220 om·
949 3172 1088 3227 tlteoriotn.
1106 3172 1158 3239 Qrti
1172 3174 1242 3228 eninr
1262 3174 1351 3228 omnic
1363 3173 1475 3229 oddtr'nit
1490 3176 1517 3231 in
1534 3191 1600 3243 este,
1613 3187 1748 3250 tetnnnpue

88 3266 142 3325 nbi
153 3263 313 3338 intellipendi
326 3273 350 3319 ei
362 3261 520 3320 consiliandi
532 3262 652 3317 uirtutem
662 3260 786 3326 hubelini,
798 3267 822 3314 ei
832 3258 897 3312 talia
911 3248 934 3310 C
950 3268 977 3321 in
989 3282 1036 3322 sup
1052 3268 1186 3323 voluptate
1203 3266 1333 3323 hominem
1346 3267 1382 3323 ad
1402 3269 1519 3324 divinam
1538 3266 1679 3342 imppimm
1693 3272 1748 3343 pop.

87 3362 240 3426 omnia,ee
253 3359 346 3432 aniius
357 3359 446 3413 diuina
458 3365 556 3412 nnlurn
568 3357 595 3411 in
612 3373 652 3423 eo,
664 3357 733 3428 quod
756 3356 899 3411 secundum
950 3356 1040 3422 trtauit,
1055 3373 1106 3413 rton
1123 3357 1251 3429 paulatim
1274 3359 1467 3431 adjectionibus
1486 3362 1638 3433 futurorum
1659 3384 1747 3423 urornt

87 3457 185 3528 ipsam
198 3451 351 3523 factumest,
364 3447 681 3522 imapinatur',simtliter
690 3449 795 3505 ltaient.
805 3447 900 3517 Etipse
951 3446 1022 3516 lecit.
1036 3448 1144 3504 sciendo
1155 3449 1183 3505 in
1196 3463 1272 3504 suant
1288 3449 1477 3521 plenitudinem
1489 3456 1637 3508 animarum
1659 3471 1750 3511 nume·

87 3547 124 3603 iu
139 3545 229 3616 primu
247 3541 337 3598 mundi
355 3543 543 3598 constitutione
566 3545 686 3596 ostensus
699 3539 787 3606 lsnmo,
808 3548 899 3609 etpost

91 3637 280 3695 uniuersitatis
299 3637 550 3690 consummationem
572 3635 678 3704 [ictinus
689 3672 697 3698 ,
710 3632 855 3703 aequaliter
871 3633 899 3687 in

92 3730 191 3802 seipsis
215 3721 332 3784 diuinam
362 3727 452 3798 [erunt
481 3726 632 3797 inrapinem.
663 3723 807 3796 Propterea
831 3741 899 3779 renus

94 3821 177 3874 lromu
189 3811 353 3872 nominatum
372 3828 409 3871 est
428 3832 515 3881 omne,
531 3816 594 3888 auia
624 3817 652 3869 in
668 3817 762 3871 uirtute
784 3814 834 3870 liei
861 3814 899 3870 nil

95 3910 233 3982 praeterit,
248 3909 286 3963 nil
315 3909 405 3968 instat,
418 3908 463 3962 sed
483 3916 506 3960 et
525 3906 594 3978 quod
623 3915 764 3980 spectatur,
783 3905 900 3977 aequali·

98 4010 140 4054 ter
151 3998 282 4069 praesenti
306 3997 518 4068 conspicientium
545 3995 723 4050 uniuersitatis
749 3996 899 4066 operatione

98 4091 257 4147 continetur.
279 4087 371 4144 Omnis
396 4090 484 4160 itaque
504 4097 601 4143 nutura
628 4088 745 4142 intmana
758 4089 781 4154 ⁸,
798 4105 898 4160 quaec

100 4184 193 4257 pritrtis
218 4191 298 4252 risque
316 4181 458 4236 rectissimo
474 4182 601 4253 peruenit,
622 4197 675 4235 una
694 4181 822 4252 quaedam
841 4197 899 4236 rere

950 3555 1008 3592 rurn
1025 3539 1226 3609 perficiendum,
1245 3539 1293 3596 sed
1303 3541 1459 3598 cunntlntim
1472 3545 1498 3599 in
1515 3543 1571 3616 ipsa
1585 3545 1749 3617 plenitndiue

950 3646 1052 3685 onrrtenr
1069 3623 1212 3686 ltnnsanam
1237 3643 1360 3687 naturam
1375 3651 1423 3704 per
1443 3637 1637 3706 proauostieam
1655 3654 1750 3708 opero·

950 3721 1045 3776 tionem
1067 3717 1207 3790 intellexit,
1226 3728 1253 3777 ‘et
1274 3726 1300 3778 in
1316 3724 1504 3780 excelsitudine
1522 3738 1546 3780 et
1565 3728 1592 3781 in
1614 3721 1749 3801 sententiali

950 3813 1050 3882 unpelis
1065 3815 1151 3884 atriete
1168 3814 1361 3883 lionorilleauit.
1386 3813 1517 3880 Quoniam
1542 3831 1600 3870 nero
1619 3819 1749 3887 praeridit

950 3902 1165 3972 contemplatorius
1183 3902 1276 3955 uirtute
1289 3900 1313 3936 ¹⁸
1327 3918 1379 3955 non
1398 3913 1466 3957 reete
1483 3910 1585 3958 euntem
1600 3897 1635 3957 ar‘l
1654 3885 1749 3960 bertum

951 3991 1119 4056 uoluntatem,
1137 4002 1214 4061 atquc
1234 3977 1292 4045 ideo
1313 4005 1346 4045 ec
1368 3991 1486 4061 anpelicc
1503 3992 1553 4047 nita
1570 3995 1744 4061 recedentem,

950 4100 982 4137 ne
1007 4098 1157 4137 enarrarunt
1186 4081 1363 4137 lrnrnanarnm
1390 4083 1531 4139 multitude
1562 4087 1746 4155 minneretur,

949 4174 1045 4228 caderis
1061 4190 1092 4228 ea
1106 4173 1152 4227 illo
1163 4174 1251 4240 orsorio,
1267 4191 1396 4246 peronem
1407 4177 1493 4248 artpeli
1506 4178 1542 4232 ad
1553 4177 1747 4235 multitudinem

100 4275 234 4331 existentis
254 4273 340 4343 intapo
354 4281 392 4327 est
407 4285 417 4328 t
430 4271 487 4342 ipra
507 4289 566 4326 uero
584 4273 612 4326 in
626 4271 772 4325 musculum
787 4281 811 4326 et
822 4272 899 4341 fenti·
950 4263 1108 4329 ductisunt,
1132 4273 1269 4334 propterea
1290 4267 1481 4323 conuenientem
1502 4268 1529 4321 itt
1548 4281 1681 4340 peccatum
1701 4286 1736 4324 an

102 4382 165 4422 nam
179 4365 278 4438 penoris
292 4364 442 4435 differentia
452 4364 591 4446 nouissime
605 4363 786 4419 constitutioni
797 4363 898 4433 [orma-
951 4356 1049 4411 uulatis
1063 4357 1087 4389 ¹⁸
1104 4358 1256 4412 incrementi
1268 4359 1484 4429 excapitationem
1496 4361 1523 4414 in
1535 4373 1630 4415 natura
1643 4360 1749 4429 cottiar-

105 4455 183 4512 tionis
196 4455 299 4525 adjecto
313 4463 361 4510 est.
381 4451 415 4509 tn
440 4469 475 4510 no
499 4454 618 4520 mireris,
644 4455 752 4509 easdem
778 4453 898 4522 ejusdem
950 4448 1039 4512 maoits
1056 4463 1103 4518 ΡΜ
1123 4446 1242 4517 “Vitellii
1257 4447 1452 4519 mapnificeatia
1473 4449 1625 4520 nitidulum
1640 4461 1665 4506 tl
1679 4449 1748 4506 itta·

101 4546 342 4616 sententinssaepe
353 4559 402 4600 nos
414 4553 553 4614 repetere:
568 4542 704 4599 nonenim
718 4543 897 4613 amplificandi
953 4539 1077 4593 tionalem
1098 4554 1130 4593 eu
1143 4553 1170 4593 ce
1184 4539 1291 4592 tttttt'cem
1314 4541 1486 4594 crescensionis
1499 4541 1604 4594 nrcdarn
1626 4542 1746 4598 lrnnrani·

102 4637 247 4703 sermonis,
257 4636 489 4692 seolseiurundne
498 4635 902 4707 qrraestionishocagimusgra-
914 4605 942 4666 D
954 4633 1003 4688 tuti
1014 4633 1140 4689 inserens.
1159 4630 1228 4686 ilinc
1243 4632 1306 4687 nuild
1320 4623 1429 4688 uidetur*
1437 4633 1516 4687 etiam
1529 4649 1639 4705 rrrnpnns
1650 4635 1747 4705 Dmid,

103 4733 142 4788 tia
155 4729 177 4784 ³.
189 4728 218 4784 ln
230 4713 442 4784 octavodecimo
456 4725 479 4759 ¹0
495 4725 559 4781 item
572 4724 693 4795 ejusdem
709 4728 841 4781 sermonis
854 4743 902 4782 ca·
954 4725 1045 4780 dolens
1072 4724 1185 4778 lrominis
1207 4724 1360 4790 miseriam,
1388 4723 1483 4779 talilus
1508 4726 1590 4779 sertis
1613 4727 1747 4802 plepsrisse

103 4822 190 4899 pitulo
212 4840 219 4877 ε
249 4817 471 4904 Resttrreetionis,
496 4819 595 4888 inquit,
617 4819 703 4889 ploria
726 4817 747 4850 ¹¹
769 4818 806 4873 nil
827 4819 902 4873 aliud
955 4825 1076 4871 natnram
1092 4828 1102 4867 .·
1118 4814 1187 4883 Quia
1201 4815 1288 4882 lonso,
1311 4818 1338 4870 in
1358 4818 1457 4872 nonore
1477 4817 1541 4871 dum
1557 4817 1581 4849 '⁸
1599 4829 1675 4887 esset,
1696 4836 1749 4878 non

106 4918 180 4974 neiis
193 4915 415 4990 promitunqnnm
427 4915 455 4967 in
470 4914 653 4984 antiquitatem
666 4913 815 4967 cedentium
828 4914 901 4968 resti-
954 4905 1081 4962 inleiietl'l
1091 4908 1225 4973 llvlwlssms
1239 4909 1327 4964 “iiiiii
1340 4908 1474 4980 “eiusdem
1486 4911 1585 4982 “nillil
1597 4911 1620 4946 ¹²
1631 4921 1750 4971 illeille?

107 5009 231 5067 ledonem
245 5008 278 5062 ¹¹.
291 5006 340 5061 Est
351 5009 418 5063 enim
433 5005 532 5061 reditus
544 5006 651 5079 qnidam
662 5008 689 5062 in
698 5007 810 5078 primam
822 5009 901 5063 otram
953 5001 1028 5066 llam,
1040 5009 1186 5069 propterea,
1207 5001 1304 5072 inquit,
1316 4999 1339 5033 ¹⁸
1350 5013 1517 5069 comparatus
1528 5014 1565 5058 est
1573 5003 1749 5075 jnrrrentis'ln·

108 5102 278 5177 spectanda¹⁸
289 5098 663 5174 prolimenpulsnmparndiso
676 5101 770 5155 iterum
780 5101 900 5172 inipsuin
954 5093 1118 5165 tipittttt'ius.
1148 5092 1213 5150 Vere
1232 5095 1302 5151 enirn
1318 5097 1456 5167 pecorinus
1471 5097 1558 5168 [actus
1568 5109 1617 5167 est,
1631 5102 1675 5172 qni
1689 5075 1753 5157 ani¹

752 5212 880 5268 vnnmto
898 5206 1103 5274 Lucutottns.

150 5324 556 5394 'Siessftiirratianuiiliori
570 5323 694 5396 adiceret
705 5336 825 5379 naturae.
863 5324 939 5380 ’Sic
963 5320 1023 5386 CF;
1042 5322 1095 5375 Ao
1114 5321 1225 5374 tuentes.
1263 5320 1492 5390 'Aeaponimns
1531 5319 1694 5388 *Nonam
1714 5325 1754 5401 A<

115 5412 126 5446 s
143 5406 165 5464 Α
189 5400 371 5473 magedensis.
418 5393 517 5469 ‘prend
565 5409 601 5450 tn.
626 5394 678 5452 ct.
721 5394 798 5449 'stc
818 5337 1267 5472 CF;‘A‘siritilitpdiiienr'resert.
1312 5392 1528 5474 '‘ltnmanitont.
1549 5394 1581 5445 ΛΖ
1619 5394 1691 5447 'lit
1718 5411 1749 5462 ne

114 5478 256 5536 mireris-
286 5467 465 5525 tatianam.
514 5410 670 5529 “*ἓίο(ὲῒ;
692 5465 711 5519 Α
731 5457 969 5531 decimoseptimo.
1022 5461 1042 5496 ¹¹
1063 5461 1109 5526 Sto
1138 5455 1248 5524 emt
1289 5470 1367 5514 ratta.
1419 5461 1443 5491 ¹’
1464 5459 1510 5516 Sto
1533 5459 1594 5528 CF,
1620 5465 1644 5517 Α
1668 5479 1747 5533 quarm

117 5554 245 5620 lapsorum
267 5490 295 5595 pn
314 5541 454 5613 pristinum
469 5547 565 5592 statum
581 5535 779 5589 restitutionem.
818 5532 840 5566 ¹³
858 5530 1012 5612 SicCF3A
1029 5538 1188 5609 exspectata.
1227 5529 1249 5561 ¹⁸
1267 5477 1295 5585 x
1312 5528 1429 5601 anpelien
1445 5531 1594 5612 ,quaedam
1637 5532 1660 5615 ᾗ·
1678 5534 1748 5601 opud

116 5614 270 5677 eorum.A.
308 5611 517 5683 ¹‘Aepuorn'nnn
555 5607 577 5638 ¹¹
590 5605 718 5658 minutal
733 5605 842 5674 anpelis.
858 5601 963 5656 omri.
1016 5600 1037 5632 ¹⁸
1052 5603 1097 5654 Sto
1109 5598 1150 5652 tt
1159 5600 1227 5666 ,Art
1245 5611 1369 5655 eruuntur
1380 5599 1537 5655 lromtnrlnts.
1586 5601 1667 5659 ”Sto
1686 5604 1746 5670 ctu

118 5694 300 5746 necarentur.
336 5683 422 5738 ”Sin
447 5677 505 5743 ως
529 5677 551 5744 A
575 5692 615 5736 res
635 5676 795 5730 ardebimus.
833 5673 897 5729 ”in
921 5689 976 5727 unu
997 5673 1030 5725 A.
1070 5671 1093 5700 ¹⁸
1121 5668 1210 5726 stoc
1243 5669 1433 5738 ,Asinrilem
1472 5670 1560 5734 ”Sic
1582 5671 1748 5745 (ibini.

120 5762 140 5802 ‚s
151 5753 369 5881 ωηιιηιρίαιοιτὲαΕ
375 5753 467 5828 uirtute
479 5764 533 5814 ortt·
548 5747 581 5812 A·
601 5693 684 5814 ‘file
696 5745 758 5810 uu,
774 5746 797 5800 Α
811 5743 900 5816 lapsis,
936 5741 959 5805 ’ἒ
974 5740 1020 5816 Sip
1035 5737 1078 5799 sd*
1086 5755 1094 5806 ;
1115 5739 1208 5796 Arum
1226 5744 1253 5800 in
1266 5741 1372 5796 leonore.
1405 5737 1431 5773 ’¹'
1441 5740 1487 5800 sn
1500 5739 1596 5810 (ΞΜ
1613 5744 1752 5818 anpelicist

120 5829 232 5892 “imm
253 5840 309 5882 011¹·
372 5861 380 5876 ο
1525 5837 1529 5844 .
1659 5837 1663 5846 .
