4167 6625
122 427 169 486 Ri
664 426 765 482 utura
782 425 827 480 bu
843 423 1196 485 rutuubsrttmrturts.
1689 423 1743 484 ab!

123 555 272 619 peccatum.
293 545 387 603 iiciior
406 554 447 602 ρει
461 545 532 602 enim
551 546 639 601 omnis
659 543 783 599 roinntas
805 559 902 598 corrn-
916 547 939 607 Α
954 546 1156 601 mihiridentur
1169 546 1744 617 bocunogenerecontineri,cumuirisque¹

122 641 213 712 ptione
232 654 328 694 careus
349 654 381 694 ea
402 654 455 694 non
475 647 593 694 carente.
616 636 791 691 Concinditnr
817 635 905 689 onmis
957 638 1088 691 avertitur
1103 652 1117 690 a
1133 636 1231 691 divinis
1245 649 1362 706 vereque
1377 638 1557 701 mancutibus,
1573 637 1645 692 etad
1659 645 1746 691 mrito·

120 728 255 785 malefacti
276 729 394 794 occasio,
415 743 556 799 poenaque
567 727 625 797 ejus
638 727 741 793 omnis,
756 727 905 798 impropria
956 725 1019 779 bilia
1035 734 1115 796 atque
1130 726 1232 782 incerta
1254 727 1429 781 convertitur.
1448 727 1523 794 Quae
1537 740 1701 798 qttamuuant
1716 726 1745 781 itt

119 825 237 880 bominis
252 823 402 880 voiuntate.
955 817 1051 871 ordine
1061 833 1111 870 suo
1124 825 1197 873 recte
1213 817 1299 872 iocata
1312 818 1383 882 sint,
1399 825 1426 872 et
1445 832 1522 872 suam
1537 818 1671 888 quandam
1686 816 1747 889 pui-

148 913 180 969 rt.
196 913 267 969 iiiuc
281 914 445 982 Augustinus
455 913 482 967 in
496 915 583 984 primo
597 913 665 967 iibro
689 913 721 967 de
733 911 817 965 iibero
832 911 905 966 arbi·
956 908 1135 963 cbritndinem
1152 915 1298 979 peragant,
1311 908 1433 978 perversi
1455 916 1544 964 tamen
1568 909 1650 964 animi
1664 915 1746 965 estet

117 1007 182 1061 trio:
197 1027 207 1056 ι
222 1007 297 1077 Ergo
311 1005 482 1074 rciiunuitur,
494 1013 535 1069 ut,
550 1004 675 1074 quoniam
687 1003 809 1074 regnanti
822 1001 904 1056 menti
956 997 1111 1062 inordinati,
1125 998 1167 1053 cis
1189 998 1335 1068 sequendis
1357 995 1462 1067 subjici,
1479 999 1577 1069 quibus
1592 999 1625 1054 ad
1647 1008 1743 1055 unitum

115 1096 290 1166 compotique
303 1094 413 1150 virtutis
425 1093 551 1164 quicquid
564 1107 624 1164 par,
636 1100 681 1147 ant
693 1092 841 1163 praelatum
852 1098 904 1156 est,
956 1103 1034 1142 snum
1048 1088 1177 1145 ducendis
1186 1089 1277 1160 potius
1287 1088 1378 1145 divino
1389 1087 1483 1144 ordine
1494 1099 1526 1146 ac
1533 1089 1595 1161 iure
1604 1090 1743 1161 praelatus

114 1203 165 1243 nou
187 1201 252 1241 eam
276 1184 343 1241 iacit
367 1185 471 1240 se'r'ram
488 1183 607 1239 iibidinis
628 1192 738 1253 propter
755 1183 903 1253 justitiam,
955 1186 996 1236 est

112 1277 246 1348 quicquid
268 1285 357 1331 autem
381 1275 494 1330 iniurius
507 1275 567 1340 est,
583 1289 635 1328 non
650 1276 736 1344 possit
748 1274 799 1328 iroc
815 1272 904 1328 iacere
1213 1251 1412 1309 mmmm
1432 1252 1485 1307 vu·

110 1377 225 1438 propter
239 1365 435 1430 infirmitatem,
458 1368 528 1421 sicut
541 1380 583 1428 ea,
600 1378 669 1436 qnae
689 1365 760 1418 iuter
775 1379 824 1418 nos
838 1378 905 1419 cou-
957 1360 1034 1428 Qnmi
1052 1359 1162 1416 iiberum
1181 1361 1322 1417 troiumotis
1337 1363 1475 1417 arbitrium
1498 1362 1688 1418 numerantium
1710 1365 1744 1419 sit

110 1458 256 1522 stiterunt,
270 1455 378 1521 docent,
395 1454 466 1509 nnita
488 1470 532 1510 res
549 1454 602 1509 alia
618 1462 732 1508 mentem
749 1453 905 1524 cupiditatis
990 1433 1058 1486 Μ’
1069 1433 1136 1486 im
1149 1447 1217 1503 ‘iiii‘
1232 1432 1304 1488 Μ’
1320 1434 1419 1488 domini
1436 1433 1558 1504 turpiter,
1578 1435 1696 1504 quamuis
1713 1450 1744 1488 ⁶⁰

108 1549 245 1602 comitem
266 1544 363 1610 iaciat,
385 1559 464 1614 qnam
478 1544 586 1614 propria
607 1544 730 1598 rniumas
748 1552 775 1599 et
789 1544 902 1598 iibcrum
992 1501 1060 1557 ”¹⁰1⁰
1070 1511 1170 1556 'uam'
1184 1502 1258 1569 ⁰⁸⁰⁶
1269 1507 1397 1560 “mm
1409 1505 1507 1576 ’mm
1519 1513 1543 1558 θ’
1555 1504 1710 1574 mmmm?

106 1636 270 1700 arbitrium,
289 1637 414 1706 jnstenno
436 1632 508 1688 iiiam
526 1649 575 1702 pro
589 1642 701 1703 peccato
715 1640 790 1687 tanrto
803 1645 904 1702 poenas
989 1635 1011 1689 1.
1027 1634 1085 1690 Non
1096 1649 1161 1707 ergo
1171 1635 1285 1692 liborum
1300 1637 1441 1693 arbitrium
1457 1633 1557 1692 maium
1568 1646 1620 1703 est,
1637 1651 1698 1692 curn
1712 1652 1745 1694 eo

106 1725 244 1797 pcndcrc·
258 1724 328 1793 Quid
342 1723 434 1778 enimi
453 1719 522 1776 dnm
536 1723 592 1792 ipsa
605 1733 690 1791 poena
712 1736 794 1792 parra
811 1722 905 1775 existi·
955 1725 1069 1795 quisque
1084 1705 1162 1782 maie
1184 1737 1285 1792 utatur,
1310 1725 1357 1785 sed
1382 1736 1425 1784 est
1451 1729 1646 1784 properandum
1674 1731 1746 1786 inter

105 1814 210 1870 manda
223 1821 276 1878 esi,
289 1813 360 1883 qrtoti
376 1813 400 1866 ei
414 1811 497 1866 iibido
509 1812 671 1876 dominatur,
687 1811 903 1881 expoliatamque
919 1855 941 1916 B
956 1818 1035 1882 bona,
1049 1834 1118 1890 qnae
1129 1819 1232 1875 pomini
1244 1820 1332 1876 divina
1345 1820 1469 1892 largitate
1480 1821 1577 1877 (forrata
1588 1833 1659 1888 snm,
1667 1837 1746 1893 prae.

105 1907 223 1961 'initii‘
245 1904 381 1984 ⁰ii¹¹¹0¹tsti
403 1917 453 1972 per
473 1904 577 1959 divitia
598 1903 715 1973 inopem,
732 1910 812 1970 atque
834 1903 903 1957 uitii·
956 1910 1049 1964 scrtim
1063 1926 1123 1965 cium
1137 1912 1225 1982 potius
1239 1914 1272 1968 ad
1287 1913 1356 1969 bene
1368 1915 1496 1970 nundum
1511 1925 1544 1970 co
1554 1915 1645 1969 datum
1657 1915 1701 1971 sit.
1715 1915 1743 1973 in

104 2009 221 2070 gentem
238 1997 341 2061 mliii»
361 2011 433 2051 ”¹¹⁰⁰
454 1994 522 2050 suist
544 2009 593 2066 iti⁰
606 1995 678 2050 veris
698 1995 902 2064 approbantem,
955 1996 1005 2053 iroe
1023 2001 1095 2053 cuim
1109 2002 1227 2056 rriaximc
1242 2003 1365 2072 argiritur
1377 2003 1495 2057 bumana
1515 2004 1656 2067 voluntas,
1672 2004 1746 2076 quod

105 2105 184 2146 irrrnc
199 2089 282 2144 ctiam
293 2087 511 2151 defensitantem,
523 2099 595 2141 nunc
610 2087 817 2156 improbantem,
833 2100 903 2154 «puae
953 2103 985 2142 co
1001 2089 1080 2153 riono,
1095 2091 1165 2157 qrrod
1179 2092 1203 2144 ei
1219 2090 1367 2145 detumeat
1389 2093 1422 2146 ad
1443 2101 1517 2147 recto
1533 2096 1671 2158 utendum,
1687 2110 1744 2150 ma-

105 2193 191 2238 antea
215 2179 399 2253 probavisset,
422 2187 449 2235 et
474 2177 650 2233 nibilominus
675 2178 684 2209 ¹
708 2177 735 2231 in
759 2176 811 2231 alia
835 2175 901 2231 iaisa
953 2177 1003 2231 luit
1016 2180 1202 2248 perrcrseuti.
1218 2179 1271 2235 Sed
1284 2181 1382 2236 merito
1395 2181 1544 2252 quaeritur,
1565 2198 1614 2237 cur
1628 2198 1660 2238 eo
1674 2185 1744 2241 maio

107 2274 277 2336 irruentem,
291 2285 364 2325 natue
385 2269 567 2324 assensionem
584 2265 793 2336 suspendentem
814 2281 901 2332 stram,
952 2269 992 2322 uti
1007 2269 1113 2340 potuit?
1129 2247 1472 2340 iicspomieffiffiffn'o‘n
1491 2279 1533 2327 ρει
1551 2287 1678 2344 maguum
1696 2275 1745 2330 bo-

107 2369 137 2418 et
149 2362 313 2433 pierumque
334 2360 491 2430 perspicuas
513 2356 734 2413 ratiocinationes
756 2354 903 2411 iormidan·
936 2361 1026 2420 'nunn
1042 2371 1097 2428 quo
1113 2373 1192 2413 nemo
1205 2358 1275 2414 maie
1297 2361 1336 2415 uti
1358 2369 1455 2431 potest.
1471 2359 1540 2416 Sunt
1556 2362 1628 2417 enim
1645 2377 1746 2435 magna¹

109 2465 176 2519 tem,
191 2469 264 2509 nunc
277 2454 465 2523 desperantem
482 2450 515 2505 de
526 2457 583 2506 tota
598 2448 754 2503 inventione
766 2445 903 2511 recitatis,
952 2449 1034 2514 bona,
1047 2461 1116 2521 quae
1133 2466 1148 2505 a
1170 2451 1225 2506 bco
1241 2453 1341 2507 bomini
1364 2453 1375 2486 r
1394 2453 1538 2518 donantur,
1558 2462 1621 2510 sunt
1641 2455 1742 2521 medin,

107 2555 135 2602 0¹
160 2544 294 2600 ὓῑῑῑῑῑῑῑῑΰθ
319 2541 437 2598 [tuebiit
463 2540 571 2610 iiiiiitss
598 2537 801 2601 inhaerentem,
829 2551 902 2591 uunc
952 2551 1015 2598 snut
1027 2539 1149 2597 minima.
1165 2539 1198 2598 Et
1210 2543 1317 2615 quidem
1334 2544 1438 2615 magnis
1453 2544 1543 2601 ouiins
1561 2545 1631 2600 maie
1646 2545 1741 2600 utitur,

109 2646 261 2694 conantem
283 2635 310 2690 in
330 2633 416 2688 iucem
439 2630 616 2702 intelligendi,
632 2639 780 2698 mersusque
802 2626 901 2699 iatiga·
952 2631 1100 2699 Quisenim
1114 2620 1471 2705 prrrrbir'ifficmperantia,
1484 2635 1744 2705 tortitudinejusti-

110 2729 189 2785 tione
216 2726 396 2787 decidentem,
419 2733 479 2778 cnm
507 2723 611 2778 interea
635 2720 812 2792 cupiditatum
836 2718 901 2773 iilud
952 2724 988 2778 tia
1004 2723 1074 2780 nraie
1094 2725 1133 2778 uti
1151 2725 1258 2794 potest?
1273 2723 1367 2780 iiediis
1382 2740 1447 2781 vero
1463 2726 1555 2790 bonis,
1570 2726 1743 2795 minimisque

109 2835 227 2893 regnum
251 2817 388 2890 tyrannice
409 2815 528 2880 saeviat,
554 2822 580 2868 ui
595 2812 678 2867 titiis
703 2810 901 2880 contrariisque
951 2830 1000 2886 pro
1015 2815 1129 2870 arbitrio
1145 2817 1245 2871 rrtcutis
1265 2824 1293 2870 et
1317 2817 1505 2890 rectcniritur
1524 2813 1536 2850 ⁸
1558 2826 1586 2871 et
1606 2831 1741 2886 perverse.

109 2912 317 2983 tempestatibus
328 2916 411 2964 totum
424 2903 540 2962 bominis
550 2905 685 2968 animum,
698 2904 834 2973 uitamque
844 2905 901 2972 p'er·
951 2905 1043 2959 Potest
1057 2906 1128 2960 euim
1140 2901 1237 2975 aiiquis
1249 2907 1274 2960 in
1287 2907 1440 2975 discipiina,
1455 2906 1530 2962 rcrbi
1546 2921 1638 2971 causa,
1652 2908 1743 2976 dispu-

109 2999 303 3058 turtcttttioc
317 2999 422 3060 tinore,
438 2993 656 3059 tnueoesrnnto,
672 2991 735 3047 utne
750 2992 897 3054 anxietate,
952 2998 1036 3061 aarum,
1059 3011 1129 3065 nune
1151 2997 1250 3051 utctnn
1274 2997 1430 3063 uertentes,
1445 2999 1560 3068 peritus,
1575 3011 1644 3067 qnae
1669 2997 1744 3051 nutu
1771 3051 1776 3058 ,

108 3092 174 3149 inde
185 3090 258 3144 inani
272 3087 393 3158 iaisaque
410 3085 527 3148 laetitia,
546 3083 610 3139 hino
626 3083 748 3138 erriciatu
762 3080 801 3135 rei
815 3079 899 3134 arnis·
951 3088 1119 3144 dubitarim
1141 3087 1196 3142 ppo
1217 3087 1319 3144 hmini
1344 3089 1469 3154 donatur,
1484 3087 1507 3143 gp
1528 3088 1658 3154 uppem,
1672 3089 1742 3143 bem,

107 3198 169 3244 sus,
193 3196 265 3252 truse
290 3178 462 3250 diligebatur,
486 3175 548 3230 inde
570 3173 667 3229 uiduis
694 3169 897 3240 subticendas,
912 3222 935 3285 C
950 3177 999 3242 uti,
1014 3176 1142 3246 quoniam
1163 3177 1197 3231 ad
1219 3178 1271 3231 iroc
1294 3178 1444 3234 certissime
1467 3178 1527 3232 data
1548 3186 1606 3243 est,
1621 3177 1685 3232 dum
1708 3191 1745 3233 ca·

108 3288 180 3345 qnae
195 3287 249 3328 non
267 3269 427 3332 habebatur,
441 3266 505 3322 iiiuc
519 3271 646 3335 acceptae
666 3260 780 3332 injuriae
800 3258 899 3316 doiori·
951 3268 1107 3340 ignorantes
1120 3280 1180 3322 nam
1195 3266 1292 3332 osiidii,
1307 3279 1371 3323 vem
1387 3267 1508 3339 salsaque
1521 3267 1739 3332 p1300m52‚00„.

108 3367 168 3429 itus,
185 3364 249 3419 iude
263 3360 368 3416 susibus
381 3357 566 3420 vindicandae,
583 3368 798 3426 utroqueversum
811 3359 900 3423 potest
950 3358 1009 3412 insa
1023 3357 1128 3423 diuidit,
1143 3368 1266 3427 separata
1280 3357 1399 3428 colligit,
1416 3356 1444 3413 in
1457 3357 1584 3414 omnibns
1597 3358 1739 3413 veritatem

112 3464 239 3513 coartare
254 3454 265 3482 ¹
285 3448 411 3514 avaritia,
437 3446 569 3516 dissipare
584 3443 710 3498 '¹¹¹¹ttttu
721 3432 736 3506 ε’
753 3441 870 3510 itiitere
888 3441 900 3473 ⁸
951 3449 1072 3517 inquirit.
1086 3447 1178 3503 Potest
1194 3462 1209 3502 e
1234 3448 1372 3503 contrario
1386 3447 1539 3518 perniciose
1561 3447 1652 3503 virere
1668 3447 1690 3513 ⁰,
1706 3448 1740 3503 ad

110 3545 241 3607 ambitio,
254 3542 349 3597 indare
364 3539 508 3609 superbia,
524 3546 649 3607 torquere
665 3533 779 3595 invidia,
797 3531 899 3587 desidia
950 3542 1020 3610 quon
1034 3553 1087 3594 nnn
1100 3549 1141 3593 est
1153 3540 1230 3602 data,
1245 3538 1308 3593 dum
1323 3536 1389 3593 iaisa
1408 3550 1457 3608 pro
1474 3538 1547 3593 reris
1566 3539 1738 3609 approbans,

108 3636 235 3706 scrutur.
251 3629 404 3702 mutescit
417 3628 563 3691 crocitare.
577 3626 705 3681 annotare
719 3625 859 3693 subiectio,
872 3631 900 3678 et
950 3630 1055 3685 attosti
1069 3624 1190 3684 arronii
1212 3626 1246 3682 nt
1262 3636 1315 3692 aar,
1340 3626 1469 3698 ratesque
1489 3626 1742 3683 mirmidonibus

108 3745 169 3801 qna,
179 3740 287 3795 eurique
297 3723 348 3777 alia
357 3719 563 3776 innumerabiiia
575 3732 686 3789 regnum
701 3716 771 3772 iiiius
781 3718 899 3772 libidinis
949 3719 1110 3791 simpiicium
1122 3734 1217 3774 sensns
1227 3716 1385 3781 contundat,
1399 3716 1587 3772 contundendo
1600 3716 1737 3786 caliginat,

109 3814 304 3893 inmittentem·
317 3826 345 3872 et
357 3821 494 3871 exercent.
514 3806 694 3866 Possumusne
716 3810 822 3864 tundent
839 3808 899 3862 tuti·
949 3828 983 3867 nc
1003 3826 1097 3867 eorum
1119 3809 1213 3865 octrius
1236 3809 1357 3871 interior,
1371 3808 1417 3877 qui
1432 3816 1474 3861 ρει
1486 3807 1604 3870 animus,
1620 3806 1654 3858 ad
1667 3812 1740 3860 noti·

107 3920 161 3972 iim
176 3917 257 3969 istam
272 3926 385 3982 poenam
405 3910 665 3977 putare,qumn,ut
681 3900 896 3966 semisomnes,
950 3902 1013 3956 tiam
1037 3914 1121 3968 purae
1147 3898 1230 3968 ipsius
1253 3896 1374 3951 recitatis
1399 3895 1546 3966 perveniat.
1573 3893 1650 3949 Sicut
1673 3908 1739 3966 ergo

107 4000 424 4081 qrriinon1iuiraereot⁸
439 3998 599 4069 sapientiae,
616 4008 726 4050 necesse
739 4004 779 4049 cst
800 4009 895 4064 perpe·
949 3991 1005 4058 ipsa
1020 3987 1179 4057 disciplina,
1193 3986 1215 4040 si
1231 3986 1304 4041 inter
1325 4000 1421 4056 magna
1443 3986 1512 4040 bona
1538 3969 1737 4052 uumeruffrr,

107 4105 127 4157 ιῐ
137 4104 194 4155 2⁴3,
213 4096 282 4166 Quid
293 4106 382 4151 autem
397 4093 510 4162 quisque
523 4089 679 4145 sectandum
694 4098 720 4141 ct
735 4088 898 4156 anrpiccteu·
948 4080 1037 4135 nuiius
1055 4095 1086 4135 ea
1103 4077 1221 4145 iaiicret,
1247 4076 1335 4131 uuiius
1351 4075 1499 4143 induretur,
1515 4077 1564 4142 ita,
1577 4077 1600 4131 si
1622 4075 1738 4132 bueron

106 4197 173 4249 «run
185 4192 276 4258 erigat,
292 4188 319 4242 in
334 4186 473 4240 tintinnare
485 4198 544 4237 esse
558 4182 674 4253 postumi
688 4180 826 4245 constitit,
841 4178 898 4233 nni·
948 4172 1092 4227 arbitrium
1106 4169 1132 4225 in
1145 4183 1259 4224 numero
1270 4181 1430 4239 magnorum
1444 4167 1578 4222 bonoram
1589 4166 1736 4223 cottocnre·

105 4285 190 4355 tripu
206 4297 234 4337 re
247 4280 280 4333 de
291 4294 351 4333 arce
361 4274 515 4329 dominandi
530 4282 657 4340 rectoque
669 4269 763 4324 ordine
780 4278 896 4323 urcrrtunr
950 4272 1002 4327 tur,
1019 4261 1108 4316 nulius
1129 4277 1162 4317 eo
1184 4262 1255 4317 maie
1277 4271 1357 4316 utens
1377 4261 1465 4331 priato
1486 4260 1634 4324 iuberetur,
1650 4260 1739 4314 nniim

106 4374 221 4445 deponi,
237 4370 287 4425 nisi
305 4367 456 4429 roirrntatc,
471 4371 499 4417 et
516 4369 557 4417 est
575 4358 757 4424 rrtauiicstum,
772 4374 823 4413 uun
840 4374 895 4412 rem
948 4366 1146 4424 consequenter
1170 4354 1239 4407 maio
1261 4354 1360 4408 utendo
1381 4352 1534 4423 puniretur.
1558 4351 1624 4419 Quis
1646 4360 1736 4406 arrtcm

106 4465 209 4525 uiiam,
227 4473 289 4515 cum
300 4472 330 4511 ea
345 4456 457 4526 quisquc
473 4450 542 4507 maie
555 4450 649 4515 utitur,
666 4448 712 4503 sed
728 4449 813 4518 ipsum
829 4447 897 4502 maie
949 4458 1001 4499 non
1017 4445 1108 4499 rideat
1120 4443 1338 4513 ircqucntissime
1350 4444 1473 4498 homiues
1487 4441 1556 4497 maie
1568 4448 1673 4496 utentes
1684 4442 1739 4495 mi-

106 4560 235 4611 utentem
251 4563 311 4604 esse
321 4546 495 4616 arguendum.
949 4536 1029 4590 nimis
1041 4535 1119 4589 bonis
1129 4548 1164 4598 ,a
1179 4534 1234 4589 beo
1249 4541 1338 4587 tamen
1354 4532 1524 4595 commissis,
1538 4540 1568 4586 ut
1589 4540 1653 4586 sunt
1671 4546 1734 4601 spe·

146 4643 190 4700 ili.
206 4638 337 4709 Quocirca
350 4637 413 4691 iicet
426 4644 498 4689 nurtc
510 4630 723 4687 animadvertere
737 4638 764 4685 et
775 4631 896 4687 conside·
947 4625 1004 4681 cies
1026 4638 1172 4695 comoneat!
1185 4665 1192 4689 ,
1207 4636 1354 4692 eurumque
1379 4620 1612 4693 puiobritudittes,
1639 4622 1738 4691 quibus

110 4750 186 4799 rare,
204 4743 295 4785 utrum
317 4728 351 4782 sit
373 4724 443 4781 aiiud
462 4723 532 4778 maie
547 4721 651 4785 iacere,
665 4736 744 4792 quam
766 4721 898 4791 ncgicctis
949 4718 1065 4772 maxima
1079 4717 1219 4771 hominum
1235 4715 1378 4771 miiititudo
1393 4713 1426 4768 ad
1439 4713 1633 4773 rartrsenrnm
1647 4712 1736 4767 libidi-

111 4828 194 4881 rebus
208 4818 336 4881 aeternis,
357 4816 455 4885 quibus
476 4826 571 4883 perse
594 4812 677 4879 ipsam
696 4825 773 4863 mcns
787 4809 897 4875 irruitur,
948 4820 997 4862 nes
1016 4806 1163 4875 expiendas
1185 4803 1322 4859 mortiiere
1347 4803 1442 4869 utitur,
1465 4814 1525 4858 curu
1546 4802 1648 4858 eisdem
1671 4801 1735 4872 ipsis

109 4928 138 4975 ct
155 4930 204 4987 per
218 4928 246 4967 se
264 4911 350 4981 ipsam
372 4904 495 4978 percipit,
519 4911 547 4957 et
567 4915 636 4972 qirae
658 4912 752 4954 antaus
772 4901 897 4954 arrrittcre
948 4899 1002 4971 pic,
1020 4898 1103 4967 iuste,
1119 4906 1245 4967 recteque
1265 4903 1407 4950 uterentur
1428 4894 1463 4949 ad
1481 4893 1607 4948 meritum
1620 4892 1738 4949 berum

109 5023 168 5064 nou
189 5011 275 5075 potest
287 4994 462 5070 ternporaiia,
477 5000 504 5049 et
518 5004 641 5062 quaeque
660 5003 709 5059 per
729 5003 827 5058 corpas
838 5000 898 5058 par·
949 4988 1019 5045 dinis
1032 5003 1107 5052 suae,
1121 4988 1144 5043 si
1159 5000 1206 5042 eas
1217 4986 1251 5041 ad
1264 4985 1370 5041 taudem
1381 4982 1519 5039 creatoris
1531 4983 1681 5040 reterrenti

110 5108 169 5155 tem
181 5092 294 5149 bominis
308 5087 464 5143 vilissimam
478 5082 639 5144 sentiuntur,
650 5086 677 5134 et
691 5094 827 5149 utinquam
836 5088 896 5135 esse
984 5079 1016 5135 li.
1032 5078 1085 5134 Sed
1096 5080 1202 5143 ethaeo
1214 5076 1335 5157 apertius
1346 5075 1536 5146 approbemus,
1548 5073 1636 5129 sannd
1647 5071 1736 5128 Patris

110 5193 188 5245 certa
202 5187 323 5254 possunt,
334 5175 412 5248 qrrasi
425 5188 519 5245 magna
533 5180 559 5226 et
574 5169 695 5225 miranda
709 5171 817 5224 sectari.
829 5169 895 5224 iiam
949 5168 1089 5239 Augustini
1103 5154 1493 5237 marttoprsmrurponnnoa
1509 5172 1584 5218 suat.
1601 5162 1645 5215 bit
1659 5160 1733 5216 onim

110 5278 234 5333 bocum
254 5282 352 5343 genere
370 5265 461 5323 omnia
484 5260 764 5374 maieiacta,idest,
785 5269 897 5329 peccata
949 5261 977 5316 in
990 5260 1061 5317 iibru
1075 5260 1192 5315 secundo
1207 5259 1239 5313 de
1252 5258 1337 5312 iibcro
1350 5255 1481 5312 arbitrio:
1498 5272 1507 5307 ι
1526 5250 1733 5310 Constititinter

746 5386 872 5444 ruitum
891 5386 1093 5447 Luctibus&

150 5493 240 5552 ⁸(loti.
256 5488 464 5551 sibidiominau.
518 5482 732 5538 'ii-coarctare.
768 5478 924 5534 ’Codmmi
963 5498 999 5535 re.
1039 5478 1109 5536 ‘Sic
1123 5479 1198 5546 cod..
1213 5477 1248 5534 ii.
1269 5480 1381 5535 odorem
1392 5478 1464 5533 etad
1479 5490 1565 5545 marg.
1582 5472 1670 5528 adscr.
1693 5468 1732 5528 ni.

110 5566 245 5623 addicere.
279 5560 379 5617 'Corn
402 5555 678 5625 codiceqmnmntnr.
715 5547 896 5604 ‘Nonomc
935 5566 955 5613 .;
969 5550 1004 5603 it.
1018 5566 1071 5605 nom
1088 5549 1240 5616 adiacerent,
1252 5557 1280 5606 et
1290 5550 1323 5607 ad
1335 5563 1421 5619 marg.
1434 5547 1522 5603 adeor.
1532 5545 1568 5599 oi.
1586 5543 1733 5603 intremit.

109 5637 183 5692 'Sic
196 5635 269 5700 coti,
281 5630 318 5686 ii.
333 5628 458 5684 dominio
474 5624 540 5678 Deo.
577 5621 589 5654 ⁸
604 5619 735 5685 Siccam,
749 5616 784 5671 ii.
798 5619 889 5672 utitor.
927 5618 937 5650 ⁸
957 5618 1003 5675 Sic
1013 5621 1086 5686 cod,
1103 5621 1137 5674 ii.
1154 5621 1202 5674 uti.

871 5736 994 5792 NOTAE.

151 5837 163 5866 ¹
177 5820 320 5895 Augustin.
335 5818 367 5872 de
381 5816 459 5870 iibero
470 5811 578 5866 arbitrio
590 5808 612 5876 l,
628 5808 669 5863 ii.
