4167 6625
379 462 432 519 tos
807 428 813 435 ’
1050 453 1190 511 totuurs
1209 452 1305 511 scon
1966 447 2018 503 att

379 571 570 630 differentiam.
584 569 654 625 lito.
666 568 723 625 lnro
742 582 878 639 nunqnam,
893 565 1069 637 diligentique
1081 565 1169 635 inqui·
1182 570 1207 629 Α
1220 565 1306 620 dietas
1317 564 1449 634 quaedam
1463 562 1647 628 constituitur,
1664 575 1734 632 quae
1746 560 1846 617 dieitur
1860 559 1935 616 besse
1946 575 2016 625 csse,

379 664 480 720 sitione
500 662 644 732 lucidaque
668 658 826 715 inventione
847 656 966 729 dignam.
988 654 1018 710 ln
1036 669 1069 710 ea
1084 652 1169 723 siqui·
1222 657 1281 713 sine
1294 671 1346 728 qua
1363 656 1435 726 ipsae
1448 656 1645 721 extremitates,
1658 669 1718 711 esse
1729 652 1856 709 uidelicet
1869 660 2018 724 etsempcr

379 757 442 812 dem
462 754 583 811 tinentiae
613 760 690 824 parte
714 751 790 806 ¹tria
822 749 954 821 quaedam
978 748 1076 803 intueri
1090 746 1171 803 debe·
1220 761 1290 810 esse,
1306 760 1357 802 uec
1372 760 1436 803 rere
1454 754 1526 813 sunt,
1541 745 1666 817 queuntis
1686 745 1750 812 sint,
1764 741 2016 801 uccrcotcdieas-

379 860 459 899 mus:
484 850 513 899 et
533 842 622 913 primo
641 840 830 896 inexhaustam
849 838 959 895 diuinae
977 835 1107 891 bonitatis
1127 833 1169 889 in·
1221 840 1486 897 turcsse¹“-esse
1500 840 1571 896 eninr
1585 848 1613 895 et
1625 835 1940 909 tempereste,subtato
1952 838 2016 893 tarne

382 933 541 1005 finitamque
567 947 617 1003 pet·
643 946 675 989 ea
704 940 732 987 st
759 930 787 986 in
813 944 865 996 ea,
894 941 965 999 quae
988 925 1061 983 facta
1085 932 1169 992 stitit,
1220 942 1289 993 esse,
1308 943 1435 985 trectcrc
1448 944 1508 986 esse
1521 934 1717 994 esl,necuere
1728 938 1941 997 sempelesset
1957 924 2014 980 iliud

382 1024 566 1090 diffusionem,
588 1023 686 1081 deinde
710 1021 795 1093 ipsius
816 1019 958 1077 divisionis
980 1018 991 1049 ¹
1015 1015 1170 1089 generalem
1220 1020 1293 1077 enim
1305 1035 1370 1077 rere
1383 1028 1412 1075 ct
1423 1026 1466 1075 est
1477 1026 1504 1075 et
1518 1024 1685 1088 temperem,
1696 1015 1768 1087 quod
1787 1015 1860 1071 bene
1884 1029 1923 1070 ae
1942 1015 2012 1070 bate

379 1114 591 1185 bipertitamque
615 1111 811 1181 scaturiginem
835 1109 863 1165 in
886 1122 939 1173 ea,
963 1120 1035 1177 quae
1059 1105 1169 1169 dantttt,
1221 1109 1393 1166 subsistis-
1407 1107 1452 1164 illa
1467 1107 1548 1163 insita
1561 1106 1702 1170 medietas,
1721 1104 1774 1160 boc
1788 1113 1835 1160 est
1852 1104 1930 1161 berre
1949 1119 2011 1171 ease,

378 1211 407 1259 ct
426 1217 469 1271 ea,
492 1217 564 1273 quae
584 1202 730 1258 donantur.
762 1199 825 1255 Tria
846 1198 938 1270 itaque
958 1203 1023 1253 sunt
1044 1195 1170 1252 conside·
1221 1198 1322 1256 donum
1336 1199 1443 1257 divinae
1455 1197 1584 1256 bonitatis
1603 1204 1655 1262 est,
1670 1194 1756 1252 libero
1767 1193 2012 1250 senowrdunu

357 1294 476 1383 ¹randa,
496 1292 616 1358 mutus,
639 1293 752 1364 ejusque
764 1291 838 1357 data,
858 1298 886 1347 et
904 1290 996 1347 dona:
1017 1303 1088 1360 quae
1106 1304 1121 1343 a
1141 1303 1171 1344 se
1222 1292 1257 1348 tis
1268 1290 1458 1359 intellectualis
1467 1299 1495 1346 et
1508 1287 1645 1347 rationalis
1661 1295 1803 1344 creaturae
1823 1295 1900 1343 mota
1923 1288 2014 1357 adjur-

360 1385 495 1447 ,itrtieem
508 1384 640 1440 discernit
650 1384 765 1439 rationis
783 1382 866 1451 aeies,
880 1382 1044 1455 propriaque
1057 1377 1171 1450 singolis
1221 1390 1274 1439 cto.
1305 1380 1354 1437 llis
1376 1381 1449 1436 enim
1468 1379 1572 1436 duobus
1598 1376 1713 1434 efflcittn
1736 1377 1808 1432 irene
1825 1390 1898 1443 esse,
1925 1376 2011 1432 bireta

358 1463 495 1543 'coaptat
522 1470 620 1528 Dattrm
638 1473 730 1543 itaque
746 1473 854 1529 divinae
865 1471 996 1528 bonitatis
1007 1478 1050 1526 cst
1062 1469 1171 1525 uniter·
1220 1458 1345 1530 uidelicet
1365 1471 1514 1538 voluntate,
1537 1471 1660 1542 donoque
1682 1468 1784 1533 divino,
1808 1468 1876 1539 quod
1899 1470 2008 1538 putem

378 1563 468 1618 sitatis
488 1563 655 1629 substitutio,
679 1570 707 1617 et
728 1562 875 1617 scctrndum
898 1561 1039 1633 generales
1061 1568 1089 1616 ct
1110 1574 1171 1631 spe·
1221 1572 1395 1620 sacrosancta
1416 1569 1496 1618 vocat
1515 1560 1664 1634 Scriptura.
1683 1557 1738 1615 Sed
1756 1558 1825 1614 illud
1842 1558 1942 1613 mnam
1959 1573 2012 1613 ton

378 1655 461 1710 ciales
480 1641 599 1709 rationes
618 1660 779 1726 currctarum
797 1663 983 1709 creatur-amm
1003 1651 1168 1720 distributio,
1221 1651 1347 1708 omuibus
1358 1649 1520 1722 generaliter
1528 1648 1710 1705 distribuitur·
1732 1646 1791 1705 Soli
1815 1647 1920 1718 quippe
1938 1663 2014 1717 ange·

377 1758 459 1812 quarn
484 1742 721 1813 superessentialis
745 1741 873 1809 bonitas,
905 1757 975 1811 quae
1005 1743 1077 1798 Deus
1106 1752 1169 1809 est,
1221 1740 1905 1813 licaebumanaequenaturaedouaturdeiticatio.
1932 1737 2015 1811 licque

378 1834 704 1891 rrtritersaliteromnibus
716 1832 830 1905 largitur
842 1849 858 1888 a
871 1848 977 1891 summo
989 1848 1077 1904 usque
1090 1833 1170 1890 deor·
1221 1832 1274 1890 iilis
1295 1833 1495 1899 universaliter,
1520 1833 1567 1890 sed
1589 1831 1655 1888 solis
1672 1832 1785 1904 angelis,
1812 1834 1862 1903 qui
1883 1831 2014 1889 caninis

378 1939 449 1988 sitm,
471 1922 522 1979 boc
541 1932 592 1987 est,
617 1924 651 1979 ab
665 1921 839 1978 intellectuali
854 1914 964 1991 natura,
977 1937 1048 1994 quac
1061 1936 1166 1978 summa
1180 1911 1206 1974 B
1218 1923 1260 1980 sui
1281 1923 1424 1980 dilectione
1435 1924 1571 1988 ardentes,
1588 1921 1700 1979 stabiliti
1710 1923 1732 1956 n
1752 1923 2013 1995 irruentemplatirsc

377 2015 498 2070 omnium
517 2023 704 2071 ereaturarum
727 2023 789 2081 est,
814 2030 899 2085 usque
922 2016 956 2070 ad
977 2015 1167 2086 corporalem,
1203 2015 1340 2071 'terimus
1367 2015 1390 2057 ¹·
1414 2022 1590 2086 permanent,
1616 2014 1734 2086 solisque
1753 2014 1919 2072 bominibus
1936 2034 2012 2073 serre

377 2122 447 2177 quae
468 2107 552 2162 inrum
570 2117 599 2163 et
610 2116 761 2163 extremum
782 2107 969 2163 universitatis
989 2107 1109 2178 possidet
1130 2106 1169 2162 lo·
1219 2105 1283 2161 dent
1295 2107 1455 2178 propositum
1470 2109 1577 2163 uocatis.
1598 2106 1657 2162 liuc
1679 2107 1798 2172 accedit,
1823 2108 1903 2179 quod
1923 2110 2010 2165 donau

377 2212 448 2253 cum.
472 2195 585 2253 Summa
605 2196 687 2269 igitur
698 2197 806 2253 bonitas
819 2197 866 2253 dat
879 2198 1022 2254 universae
1043 2198 1169 2254 conditae
1219 2198 1323 2271 gratiae
1334 2212 1421 2268 neque
1434 2198 1505 2253 intra
1517 2197 1648 2253 terminos
1663 2197 1789 2254 conditae
1799 2207 1924 2254 naturae
1937 2202 2011 2256 mati

377 2296 490 2342 naturae
507 2302 577 2352 esse,
600 2287 727 2357 quoniam
753 2287 840 2358 ipsam
861 2302 895 2344 ex
916 2303 970 2342 non
989 2286 1169 2344 existentibus
1219 2298 1309 2355 netur,
1322 2297 1412 2359 neque
1425 2287 1573 2344 secundum
1597 2287 1748 2343 naturalem
1769 2288 1905 2345 sinuum
1926 2304 2011 2361 opert·

376 2378 563 2436 inexistentia
579 2379 702 2435 adduxit.
725 2368 1170 2450 iiiucbeatusltionysius'quarto
1220 2388 1276 2447 tur,
1299 2377 1347 2434 sed
1367 2375 1629 2449 superessentialiter
1654 2387 1683 2433 et
1703 2376 1775 2434 ultra
1795 2391 1898 2435 omnes
1915 2391 2010 2436 autu

379 2470 523 2540 capitulo⁸
545 2472 578 2527 de
606 2471 715 2527 caelesti
734 2471 870 2527 ierarchia
894 2468 1049 2538 :Primum
1070 2472 1168 2543 inquit,
1220 2467 1359 2525 naturales
1371 2467 1394 2500 ¹⁹
1410 2467 1530 2523 mbones
1548 2465 1660 2522 effectus
1675 2480 1739 2522 suos
1749 2467 1869 2539 peragit
1892 2468 2009 2538 moesi

379 2561 496 2616 omniunt
522 2562 588 2616 titud
615 2562 700 2617 dicere
718 2578 820 2628 uerum,
843 2570 871 2615 ut
893 2560 1006 2618 bonitate
1027 2563 1170 2618 ttninerraii
1220 2571 1270 2629 pei·
1288 2555 1374 2613 solam
1397 2556 1515 2612 diuinam
1536 2555 1651 2627 gratiam
1667 2557 1839 2613 resurreetio
1853 2566 2010 2614 montom

376 2652 598 2721 mpuusentintis
613 2653 738 2709 diuinitas
752 2669 853 2719 eorum,
873 2669 940 2725 qtae
952 2662 1025 2720 suut,
1040 2656 1169 2710 essentias
1220 2645 1313 2713 luerit,
1330 2647 1440 2704 omniuo
1453 2645 1585 2703 naturalis
1604 2646 1692 2703 virtus
1711 2649 1902 2715 evacuabitur.
1918 2650 2011 2706 nitatis·

377 2742 537 2799 substiterent
550 2745 585 2799 ud
596 2761 651 2800 esse
663 2744 774 2800 adducit
793 2744 814 2800 ⁸.
832 2744 882 2801 Est
894 2746 965 2802 enine
989 2746 1038 2802 boc
1053 2747 1169 2802 omniurn
1220 2753 1274 2811 que
1287 2748 1388 2804 motus,
1403 2739 1451 2808 qul
1467 2752 1558 2794 fetum
1571 2737 1739 2794 Submitti&
1751 2753 1895 2811 nunquam
1909 2741 2011 2805 desedi

376 2834 494 2889 cumr'
514 2842 540 2889 et
562 2850 640 2904 super
666 2836 753 2890 omniu
771 2834 895 2891 bonitatis
912 2823 929 2868 '⁸
954 2837 1109 2908 proprium,
1135 2838 1169 2891 nd
1221 2830 1316 2886 sireni
1331 2838 1359 2887 et
1373 2837 1508 2901 potestate
1523 2828 1640 2897 siluerit,
1661 2840 1692 2886 ut
1715 2830 1743 2885 iu
1765 2832 1883 2888 monade
1904 2836 2010 2900 nomeu,

379 2924 587 2980 communionem
606 2924 617 2957 r
635 2941 677 2992 ea,
692 2942 758 2998 qnae
777 2937 849 2994 sunt,
869 2943 971 2994 nocere,
987 2937 1016 2982 ut
1029 2928 1170 2999 uruntque
1221 2922 1279 2979 sire
1290 2928 1352 2980 actu
1362 2930 1390 2978 ct
1403 2923 1561 2995 operatione
1574 2932 1668 2995 aperta
1677 2923 1701 2956 ¹·
1711 2923 1758 2992 sit,
1771 2933 1802 2981 ut
1813 2926 1947 2983 numeria
1960 2940 2011 2981 mo

377 3032 480 3084 eorum,
503 3033 571 3089 quae
584 3026 655 3083 sunt,
678 3032 711 3072 en
736 3018 844 3089 proprie
864 3018 990 3089 definitur
1010 3020 1168 3091 cnatoqio⁸.
1222 3019 1291 3075 unde
1302 3018 1489 3090 procedentes,
1506 3028 1663 3088 ceteraque,
1676 3032 1747 3088 quae
1755 3034 1790 3074 ex
1799 3017 1918 3076 occultis
1932 3018 2012 3074 causis
2062 3048 2063 3089 p

377 3106 474 3163 Omnia
484 3108 577 3178 igitur,
589 3111 903 3182 quaesent,participaru
913 3120 925 3154 ⁰
935 3113 1125 3182 prouidentiam
1138 3130 1171 3169 en
1221 3110 1250 3167 iu
1262 3120 1370 3183 apertos
1378 3109 1489 3166 allectus
1502 3110 1645 3181 prcdeuut.
1663 3109 1699 3166 tn
1709 3110 1809 3166 iterum
1822 3109 1858 3177 ¹¹,
1871 3112 1894 3165 si
1908 3121 2013 3166 natura

378 3198 588 3266 superessentiali
610 3208 635 3252 et
656 3200 841 3256 causalissima
859 3200 882 3234 ¹·
903 3200 1045 3258 diuinitnte
1058 3219 1170 3258 nanan-
1222 3202 1354 3258 listirtus
1372 3201 1580 3259 resurrectionis
1593 3201 1716 3258 siieedra
1731 3214 1774 3259 est
1792 3204 1892 3272 absque
1907 3204 2013 3273 adjuto·

377 3285 469 3341 tem¹¹.
479 3284 540 3340 lton
550 3287 618 3341 eninr
631 3285 752 3355 portastis
762 3299 955 3358 estenteorunn
965 3308 1032 3365 quae
1045 3303 1116 3361 sunt,
1128 3312 1169 3350 et·
1183 3256 1207 3322 G
1222 3293 1263 3349 rio
1277 3292 1390 3365 gratiae,
1409 3292 1545 3364 quomodo
1567 3290 1757 3363 Redemptorir
1776 3293 1880 3348 bomani
1900 3294 2014 3364 generis

376 3376 715 3448 eenriue,nisinprinciptc
723 3381 1170 3456 assumerent¹¹.iinisteutinipitur
1219 3385 1348 3442 simulem
1373 3384 1401 3441 iu
1429 3386 1628 3443 resurrectione
1659 3395 1821 3442 mortuorum
1852 3385 2013 3455 praeualere

377 3468 466 3521 omnia
490 3482 546 3521 esse
560 3468 617 3537 ejtts
629 3469 787 3540 participant
800 3488 809 3535 ,·
822 3487 878 3525 esre
899 3472 969 3526 enirn
982 3476 1098 3529 omniunt
1120 3484 1168 3541 est,
1219 3475 1346 3549 possibile
1365 3484 1406 3533 est
1425 3474 1547 3542 credere,
1571 3489 1634 3530 cum
1657 3475 1717 3546 ipsc
1741 3472 1861 3531 dixerit:
1875 3473 1933 3545 ch
1958 3492 2010 3530 retr

378 3555 548 3627 superesse¹⁸
563 3556 696 3612 diuinitas.
727 3556 863 3617 Hactenus
883 3560 1037 3634 Dionysius.
1061 3565 1094 3620 Et
1116 3580 1169 3621 uon
1219 3566 1374 3622 resuueuio
1399 3575 1424 3622 et
1448 3565 1536 3621 nto?
1566 3563 1625 3621 Non
1650 3566 1723 3622 enirn
1749 3565 1820 3621 banc
1848 3565 2008 3622 [dominicam

377 3644 463 3702 solum
484 3646 719 3717 superessentialis
738 3648 847 3705 bonitas
870 3650 919 3706 dat
943 3653 1070 3708 omnibus
1091 3669 1168 3722 esse,
1219 3658 1381 3714 seutentiam
1394 3647 1645 3713 deresurrectione'
1658 3657 1821 3723 animamm,
1843 3672 1916 3729 quae
1928 3666 1969 3714 est
1981 3658 2010 3712 de

376 3751 472 3791 serum
494 3735 576 3791 etiam
600 3736 775 3794 aeternaliter
794 3752 865 3795 esse.
896 3738 992 3796 Omnis
1005 3742 1105 3813 quippe
1124 3758 1169 3801 cs·
1219 3756 1307 3805 morte
1319 3747 1467 3819 injustitiae
1477 3757 1506 3804 et
1517 3746 1665 3818 impietatis
1678 3748 1712 3803 ad
1722 3746 1849 3818 justitiae
1865 3756 1894 3805 et
1909 3749 2009 3819 pietatb

379 3827 466 3882 sentia
486 3833 514 3881 et
534 3826 686 3883 substantia
701 3843 755 3884 non
777 3827 886 3886 aliunde
898 3839 926 3885 et
937 3837 981 3885 est
992 3838 1020 3886 et
1033 3831 1168 3900 subsistit,
1219 3842 1315 3908 vitam,
1329 3840 1382 3896 nnn
1399 3847 1441 3896 eet
1455 3839 1482 3895 in
1501 3840 1624 3897 vertutis
1636 3823 1906 3911 contemplationem,
1919 3843 2008 3899 wion

376 3918 429 3973 nisi
440 3917 475 3975 ab
486 3931 519 3974 ea
530 3919 751 3989 superessentiali
767 3928 796 3976 et
809 3919 1063 3992 supersubstantiali
1076 3919 1101 3956 ¹⁸
1122 3924 1170 3979 bo·
1219 3932 1444 3990 inpenderemus
1463 3933 1596 4004 accipere,
1612 3946 1707 3988 remur
1734 3933 1820 3989 etiam
1842 3934 1877 3990 dc
1899 3948 2007 3991 resurre-

378 4011 474 4076 nitate‚
498 4024 569 4081 quae
588 4026 637 4082 per
658 4025 689 4067 se
705 4026 770 4068 tere
789 4021 831 4068 est
850 4020 879 4069 et
897 4012 1030 4069 subsistit.
1061 4012 1169 4070 Nullum
1220 4023 1475 4093 ctioneeorpnrum,
1491 4021 1568 4092 eujus
1581 4021 1730 4093 principale
1750 4024 1909 4097 exemplum
1923 4026 1949 4081 in
1965 4040 2005 4079 sua

379 4113 498 4169 namque
507 4099 685 4158 substantiale
694 4102 737 4158 tel
748 4103 895 4160 essentiale
904 4105 1004 4161 bonum
1015 4116 1168 4176 perseest,
1218 4114 1329 4186 propria
1353 4130 1435 4170 cerne
1465 4114 1703 4184 praemonstravit.
1737 4112 1811 4169 Sans
1842 4115 1934 4186 itaque
1963 4115 2005 4170 dds

377 4199 488 4260 praeter
500 4189 588 4260 ipsam
600 4190 784 4263 salamonius
798 4193 973 4265 participatio
985 4196 1169 4255 datomnibus
1218 4218 1362 4275 possumne
1373 4203 1520 4260 secubuere
1531 4204 1738 4262 resurrectionis
1758 4204 1889 4263 virentem
1909 4215 1938 4263 er
1954 4209 2005 4262 detq

377 4281 449 4337 blida
468 4279 728 4347 murmuratores
748 4282 832 4338 donat
851 4282 982 4341 deilicari.
1003 4284 1168 4344 Nultacnim
1219 4293 1328 4351 divinae
1351 4294 1481 4351 bonitatis
1505 4294 1653 4352 secundum
1683 4296 1837 4353 naturalem
1864 4297 2004 4355 edectirau

377 4372 495 4429 essentia
505 4372 549 4429 rel
560 4373 712 4430 substantia
723 4374 745 4411 ¹¹
755 4384 798 4431 est
810 4375 900 4431 divina
913 4375 1035 4434 bonimtc
1048 4380 1166 4446 condita,
1217 4384 1378 4455 potentiam,
1396 4393 1425 4442 et
1443 4384 1514 4442 dono
1528 4383 1650 4454 eiusdem
1661 4387 1793 4444 bonitatis
1806 4390 1956 4446 seeundum
1968 4405 2004 4443 sa

376 4464 1165 4541 quaenonaeternalitcretincommutabiliterpermancat.
1219 4476 1444 4547 perexcellentem
1476 4490 1572 4534 omnes
1598 4485 1711 4536 naturas
1737 4482 1864 4554 gratiam.
1894 4480 2004 4537 turne

378 4555 417 4610 Ea
433 4554 577 4627 siquidem,
589 4571 659 4626 quae
675 4564 806 4628 perpetuo
820 4572 998 4628 perseverare
1015 4571 1164 4632 nequeunt,
1220 4567 1364 4634 nodedun,
1380 4565 1471 4624 datum
1482 4568 1543 4625 dico
1553 4577 1581 4624 et
1592 4569 1703 4638 donum,
1717 4586 1733 4627 a
1749 4574 1909 4630 seinvicem
1923 4587 2003 4643 segre·

377 4645 529 4702 accidentia
552 4655 615 4702 suut
638 4647 799 4703 substantiis
822 4649 1017 4717 superaddita,
1042 4660 1072 4707 et
1093 4654 1166 4712 circa
1222 4656 1296 4729 gavit
1306 4654 1422 4713 lacobus
1434 4656 1583 4728 apostolus,
1597 4658 1690 4716 dicens
1704 4678 1712 4718 τ
1727 4659 1812 4719 Onne
1831 4664 1922 4718 datter
1945 4665 2002 4733 apti·

378 4752 425 4792 eas
434 4737 604 4806 conglobata,
620 4738 701 4809 inque
714 4753 762 4795 eas
783 4754 935 4798 reversura.
956 4741 1006 4799 Est
1017 4743 1109 4815 itaque
1122 4747 1170 4803 da·
1221 4764 1294 4804 tren
1306 4757 1332 4804 et
1342 4765 1417 4804 anne
1427 4748 1525 4805 donum
1534 4749 1830 4822 perlectsndesersrn
1842 4765 1891 4821 est,
1904 4755 2002 4810 descet-

379 4834 436 4881 tum
448 4826 556 4883 divinae
568 4826 697 4885 bonitatis
710 4838 807 4886 natura
824 4832 921 4899 omnis,
940 4848 1011 4905 quae
1030 4836 1058 4890 iu
1077 4851 1170 4894 esseu-
1221 4839 1286 4896 dens
1298 4856 1315 4894 a
1328 4837 1410 4895 Patre
1423 4839 1561 4895 turnintn.
1580 4841 1619 4898 dc
1630 4841 1773 4931 Q
1784 4845 1902 4902 diceret:
1912 4843 2001 4899 Omnis

378 4915 445 4971 tiam
457 4915 537 4971 ducta
549 4927 602 4983 eet,
612 4927 640 4975 ct
650 4919 843 4991 perpetualiter
850 4925 1011 4994 custoditur,
1022 4942 1056 4984 ne
1064 4939 1168 5000 pereat.
1221 4935 1381 4985 naturamm
1394 4928 1457 4985 data
1474 4929 1629 4986 substitutio
1644 4939 1673 4988 et
1695 4935 1863 4998 restauratio,
1880 4947 1949 5002 quae
1967 4946 1997 4986 cx

377 5004 490 5063 Atticm
499 5007 627 5077 quoniam
636 5008 818 5070 inmrmsect
828 5015 1001 5074 astemaliter
1012 5016 1168 5077 ¹'essemc
1221 5019 1759 5097 datoetdouoooulormatur,omnisque
1772 5026 1886 5099 perlecta
1897 5037 1995 5086 eorun,

1030 5206 1159 5265 vastus
1176 5209 1377 5272 saumones.

417 5366 497 5423 ¹Sic
519 5360 574 5433 CF,
588 5362 726 5419 artearte
739 5361 768 5416 td
782 5370 819 5418 est
833 5363 864 5415 de
878 5360 1065 5417 resurreetione
1080 5361 1141 5416 tria.
1199 5362 1391 5421 ¹ildiuisionis
1412 5367 1505 5438 ipsius.
1565 5366 1613 5422 Ἀ
1637 5368 1754 5438 mureto
1773 5382 1878 5441 qum,
1930 5369 1992 5424 ‘sin

377 5437 421 5497 CF
430 5454 438 5503 ς
452 5437 475 5492 Α
490 5435 621 5499 Prienam,
637 5434 732 5503 inquit,
745 5432 861 5487 omniunt
875 5429 942 5486 iilud
955 5429 1067 5509 dicimus
1080 5432 1223 5486 secrtndttnt
1241 5435 1374 5489 ceritatem
1386 5438 1455 5507 quod
1469 5436 1542 5491 dees
1554 5453 1643 5493 omnes
1663 5449 1797 5495 creaturus
1818 5441 1927 5495 inmitte
1948 5455 1991 5493 rtet

379 5508 532 5564 necessitate
561 5505 705 5559 substituit.
755 5501 920 5558 'Acamas
943 5516 1068 5556 ornarunt.
1125 5500 1170 5556 ‘A
1188 5501 1383 5559 Deibonitatis.
1429 5506 1762 5563 'doomusnicutionenu
1821 5512 1869 5563 Ἀ
1894 5523 1989 5568 rocam,

374 5579 455 5647 juxta
469 5574 607 5645 analogiae
621 5571 946 5644 cujusquedepnitionem.
997 5569 1042 5625 ’d
1058 5571 1175 5625 ditinum
1188 5573 1361 5642 participant.
1410 5574 1470 5630 ¹⁰et
1485 5575 1669 5631 causalissima
1683 5591 1738 5632 om.
1753 5579 1788 5634 Δ.
1832 5583 1851 5612 ¹¹
1865 5581 1885 5634 s
1901 5578 1989 5633 dieitur

378 5655 553 5700 monentem.
600 5644 622 5675 ¹¹
634 5644 658 5699 d
668 5641 805 5708 Quomodo
819 5641 888 5694 eninr
899 5640 1041 5712 quidquam
1055 5652 1121 5703 erni,
1135 5642 1158 5695 si
1172 5658 1259 5695 terrun
1274 5660 1381 5697 cnutum
1393 5660 1446 5699 nors
1457 5645 1661 5715 participabunt.
1707 5647 1729 5679 ¹⁸
1741 5649 1765 5703 tt
1779 5644 1988 5719 superessentialis

381 5713 522 5769 bisinnus.
560 5712 717 5778 “stadim
743 5708 955 5767 deuteronimii.
994 5710 1016 5741 ¹⁸
1031 5712 1077 5766 Sic
1089 5711 1147 5776 (Ἐς
1173 5713 1354 5767 Aessrrrtitdis
1379 5715 1536 5769 substantio.
1575 5715 1597 5746 ¹⁸
1617 5715 1781 5782 sienne
1808 5717 1985 5790 perpetualiter.

382 5782 415 5818 ¹⁰·
434 5783 625 5837 esseusn.CF.
664 5784 686 5814 ¹⁷
705 5778 1011 5847 submittentibus.
1052 5791 1072 5821 ¹³
1095 5785 1114 5836 ,l
1132 5785 1246 5836 raritatis·
1260 5783 1484 5853 rorttentpintr‘orte.
1524 5787 1544 5817 ¹⁹
1560 5787 1804 5844 naturalesque.
1842 5790 1864 5820 ¹·
1883 5783 1985 5845 sled&

382 5849 515 5920 brepertn
529 5853 573 5906 sit.
611 5853 632 5884 ¹¹
653 5853 674 5906 ‚l
688 5868 785 5907 turum.
