4167 6625
311 406 364 472 sn
906 407 910 412 ·
998 385 1141 473 tonnms
1158 408 1258 471 scon
1808 411 1815 432 ·
1890 391 1950 458 sne

313 523 373 580 rate
385 526 529 593 peccatum
539 517 671 592 originale
682 517 862 602 licitanpcc
876 522 1024 591 immerito,
1037 539 1108 595 quo-
1119 530 1147 593 Α
1158 525 1229 582 tlxus
1238 523 1358 598 deponit
1378 521 1456 580 tilius
1466 518 1655 578 universaliter
1666 530 1775 575 emnem
1790 516 1950 575 sensibilem

315 614 389 671 niam
415 623 558 685 peecatum
584 613 737 668 communis
760 613 882 669 omniurn
911 614 1026 686 originis
1050 625 1108 684 est,
1158 624 1261 674 motum
1276 611 1517 687 inseipso,reiutr
1531 612 1558 668 in
1572 610 1687 683 quadam
1697 607 1949 680 cruce,extinguit,

315 703 394 774 cujus
406 704 504 762 merito
524 704 619 760 mortis
632 711 661 760 ct
673 705 855 775 corruptionis
866 720 962 762 omnes
973 707 1108 775 immines,
1159 708 1199 764 ita
1216 716 1246 763 ut
1259 707 1361 763 nulium
1378 677 1662 773 omnmi‘i'nsssp‘so
1676 693 1833 754 {naturalem
1847 697 1951 754 babeat

316 802 432 865 excepto
442 792 640 864 Redflffltlwle·
657 794 916 861 debitoressumus3
937 796 1109 882 ⁸⁰¹¹¹⁵Q¹b
1161 809 1261 858 actum.
1293 798 1329 854 lit
1357 796 1544 868 unnsquisque
1567 794 1666 850 borum
1693 803 1785 845 secum
1812 785 1951 859 cmcitigit

317 889 390 973 ei—em
395 887 430 944 ad
448 886 675 944 medicamentum
694 887 814 944 vulneris
832 887 998 959 Redemptor
1017 897 1111 945 noster
1159 892 1307 950 Christum.
1330 888 1521 960 Unusquisque
1542 884 1616 940 enim
1637 879 1769 947 bdelium,
1791 879 1901 949 quatem
1920 879 1949 935 in

318 981 345 1037 in
359 980 404 1035 iiia
418 994 509 1035 massa
522 980 605 1035 totius
625 978 737 1035 humani
752 980 859 1050 generis
876 980 979 1050 absqne
999 990 1110 1050 peceato
1160 983 1251 1039 animo
1263 979 1388 1037 babuerit
1408 976 1593 1034 habitudinem
1606 988 1655 1045 per
1672 972 1840 1028 incrementa
1861 970 1951 1025 virtu·

317 1070 427 1127 relictus
442 1078 494 1137 εει,
507 1068 683 1142 utperilium
696 1068 783 1125 seium
793 1083 901 1139 semper
913 1070 1016 1124 saluum
1028 1072 1111 1126 totius
1161 1083 1230 1141 ttrm,
1245 1072 1327 1129 talem
1340 1069 1493 1128 chbristo
1507 1065 1617 1124 babebit
1635 1062 1716 1119 iidem
1735 1076 1785 1133 per
1804 1070 1953 1133 augmenta

317 1172 431 1220 naturae
450 1160 548 1217 vulnus
567 1168 721 1229 curaretur,
736 1161 896 1246 Q?
913 1161 946 1216 ad
966 1161 1111 1231 pristinum
1161 1163 1416 1237 intelligentiarum
1437 1168 1465 1216 et
1480 1156 1605 1230 quotiens
1618 1153 1719 1225 prioris
1730 1151 1805 1208 ritae
1820 1150 1911 1208 medis
1924 1159 1954 1208 et

317 1261 416 1309 imum
432 1253 528 1309 Simili
539 1260 636 1319 totum,
647 1252 719 1323 (blod
732 1251 903 1307 uulneratum
913 1259 967 1318 est,
983 1253 1110 1308 restitue·
1161 1254 1298 1313 inierioris
1312 1253 1438 1320 moritur,
1452 1259 1481 1308 ct
1493 1249 1521 1307 iu
1534 1248 1644 1304 altiores
1665 1245 1765 1320 gradus
1782 1242 1953 1311 subvehitur,

316 1355 402 1402 retur.
416 1344 717 1430 Hochueoriginaie
726 1356 878 1415 peccatum,
890 1345 1112 1418 singulorumque
1162 1346 1264 1403 totiens
1275 1343 1418 1415 opiniones
1431 1342 1465 1398 de
1479 1338 1599 1404 Cbrlsto,
1611 1335 1736 1409 quamtis
1745 1333 1894 1406 simplices,
1910 1343 1955 1390 ta·

318 1444 381 1507 pest
392 1438 596 1507 generationem
613 1439 640 1495 in
655 1439 868 1495 buncmundum
886 1440 994 1505 alelluia,
1008 1442 1113 1512 gratiae
1162 1453 1224 1494 men
1240 1438 1267 1492 in
1282 1437 1342 1508 ipso
1356 1444 1457 1491 etcum
1474 1432 1532 1504 ipse
1545 1429 1707 1495 morientur,
1722 1435 1751 1484 ει
1764 1427 1792 1482 in
1812 1425 1956 1482 sublimio·

318 1517 489 1594 baptismatis
501 1527 667 1585 abundantia
683 1545 732 1600 per
743 1528 912 1587 saltatorem
926 1538 1049 1587 nestrum
1070 1547 1113 1587 rc·
1161 1545 1207 1586 res
1217 1528 1250 1585 de
1263 1543 1296 1585 eu
1310 1525 1488 1600 theopbanias
1503 1523 1557 1580 ilde
1572 1532 1655 1594 atque
1666 1519 1844 1590 intelligentia
1858 1517 1957 1591 prore·

318 1615 454 1686 buntur,
474 1628 504 1675 ut
517 1621 629 1677 omniuo
641 1637 694 1677 non
708 1622 772 1679 sint.
796 1623 831 1679 Et
842 1626 856 1676 Ιι
905 1632 962 1688 εει,
1002 1641 1016 1676 ιι
1039 1624 1113 1679 dat
1162 1622 1251 1677 iretur.
1282 1609 1379 1708 Q
1405 1617 1432 1673 in
1459 1615 1516 1671 suis
1536 1612 1659 1671 ildelibus
1680 1609 1807 1668 cbristus
1831 1608 1959 1680 quetidie

318 1711 487 1783 euangelista
504 1731 511 1767 a
529 1733 539 1766 ι
553 1712 625 1770 Ecce
641 1714 734 1786 Agnus
749 1715 808 1783 liei,
824 1717 870 1786 qui
886 1707 954 1771 tollit
969 1725 1112 1786 peccatum
1163 1710 1287 1777 moritur,
1302 1719 1328 1765 et
1344 1710 1378 1764 ab
1394 1707 1435 1764 eis
1455 1704 1632 1778 crucifigitur,
1647 1703 1711 1761 dum
1727 1701 1853 1760 carnales
1872 1703 1907 1759 de
1920 1716 1959 1762 cn

318 1801 445 1857 mundi».
457 1800 856 1875 liiccstnaicusetsingnlnris
869 1806 960 1877 dgnus
971 1806 1111 1878 mysticus,
1163 1802 1353 1874 cogitationes,
1378 1814 1426 1855 seu
1441 1797 1614 1870 spirituales,
1632 1796 1721 1851 adbuc
1746 1804 1837 1850 tamen
1855 1794 1961 1867 imper·
2055 1829 2056 1842 ι

320 1895 346 1950 in
361 1895 438 1964 cujus
448 1895 534 1967 ligura
544 1895 709 1952 israeliticus
719 1897 832 1968 populus
842 1897 962 1968 singulos
972 1912 1111 1969 agnosper
1124 1885 1150 1946 B
1162 1892 1258 1959 lectas,
1281 1891 1455 1958 interimunt,
1479 1904 1587 1959 semper
1607 1890 1635 1944 in
1658 1887 1744 1943 altum
1766 1884 1959 1953 ascendentes,
2055 1905 2056 1978 ι

319 1985 439 2057 singulas
453 1986 549 2042 domus
560 1987 682 2056 paschali
695 1997 816 2060 tempore
829 1988 995 2044 imnmiabat.
1007 1987 1074 2044 liant
1086 1997 1115 2046 et
1164 1987 1251 2043 donec
1267 1986 1301 2040 ad
1316 1998 1408 2040 veram
1431 1981 1489 2052 ejus
1502 1982 1626 2038 notitiam
1641 1982 1819 2053 perueniant3
1834 1980 1960 2037 intinims
2055 1983 2056 2024 i

318 2089 378 2137 uos,
397 2075 443 2145 qui
456 2084 517 2146 post
534 2086 673 2147 peractam
687 2078 746 2149 ejus
766 2079 980 2134 incarnationem
1002 2088 1030 2134 et
1051 2094 1113 2150 pas·
1163 2082 1236 2137 enim
1253 2079 1357 2135 indulte
1367 2077 1450 2133 etiam
1465 2075 1493 2132 iu
1503 2075 1702 2148 purgatissimis
1712 2074 1850 2131 mentibus
1858 2072 1962 2129 torma·

318 2163 423 2222 sionem
434 2175 462 2222 ει
475 2169 702 2226 resurrectionem
714 2169 742 2225 in
757 2184 820 2226 enm
835 2172 983 2237 credimus,
1002 2171 1115 2243 ejusque
1164 2180 1217 2228 tur.
1239 2169 1314 2226 Alius
1331 2169 1366 2224 ab
1386 2169 1443 2239 ipsa
1465 2165 1641 2224 intellectuali
1661 2167 1821 2238 operatione
1836 2163 1961 2235 perfecte
2055 2207 2056 2222 ι

320 2256 460 2327 mysteria,
480 2265 611 2328 quantum
635 2258 714 2315 nebia
734 2259 904 2326 conceditur,
928 2260 1113 2332 intelligimus,
1163 2261 1290 2333 quiescit,
1305 2258 1387 2315 veluti
1401 2257 1521 2330 perlecta
1533 2266 1677 2325 mortuus,
1694 2257 1840 2358 Qenim
1855 2255 1960 2348 stilum-
2055 2235 2056 2258 ¹

320 2353 350 2402 et
361 2348 539 2419 spiritualiter
558 2365 621 2406 enm
644 2350 826 2416 immolamus,
849 2360 877 2406 et
894 2351 1115 2408 intellectualiter
1164 2351 1244 2406 medo
1259 2323 1398 2404 dammas
1416 2355 1493 2404 actus
1510 2347 1629 2412 animae,
1644 2347 1838 2403 verumetiam
1854 2344 1963 2403 intelic-

319 2445 421 2502 mente,
434 2454 487 2493 non
499 2439 591 2504 dente,
606 2437 915 2522 cenedtmnsebmpe
929 2442 1114 2513 unusquisque
1164 2415 1268 2498 affantes
1280 2439 1339 2510 ejus
1352 2440 1524 2511 operationes
1545 2411 1880 2510 superatTXisdeaemae
1894 2453 1959 2494 cru·

321 2530 491 2585 credentium
510 2529 631 2595 cbristo,
652 2530 800 2586 secundum
822 2532 959 2601 propriam
974 2535 1113 2604 uirtutem,
1164 2530 1487 2603 ciliqiturpiniinsopbiae.
1502 2529 1598 2587 bctiva
1611 2538 1702 2586 autem
1714 2529 1885 2601 pbiloscpiria
1902 2536 1957 2597 est,

319 2626 349 2672 et
361 2618 511 2688 subjectum
533 2618 583 2672 sibi
596 2618 706 2673 virtutis
723 2618 846 2674 habitum
859 2628 887 2675 et
901 2621 1071 2691 qualitatem,
1085 2633 1115 2680 et
1164 2639 1234 2694 qnae
1254 2625 1327 2680 circa
1345 2622 1510 2680 naturalium
1524 2623 1656 2679 virtutum
1672 2621 1852 2678 adunationes
1868 2632 1897 2678 et
1917 2620 1958 2678 di·

320 2708 540 2779 eruciiigitnr,et
563 2706 698 2780 crucifigit
723 2708 832 2765 sibimet
854 2709 943 2781 ipsum
962 2710 1114 2778 Christum,
1164 2716 1316 2773 serationes
1339 2729 1475 2773 uersatur.
1495 2716 1591 2771 Activa
1605 2730 1713 2785 quoque
1734 2713 1960 2785 puttemptiars·

322 2796 431 2856 Christo
456 2797 581 2855 uidelicet
601 2798 810 2856 concrucifixus.
836 2800 912 2859 Unus
934 2802 1044 2873 quidem
1063 2804 1113 2860 soii
1164 2806 1252 2862 tiones
1266 2807 1435 2863 inhumanati
1449 2805 1776 2876 verbiquantumralet,
1788 2804 1956 2872 considerata

322 2898 436 2963 peceato
449 2889 628 2962 emeingitur,
640 2888 705 2947 dum
717 2891 751 2948 ab
768 2892 894 2950 omuibus
911 2895 1114 2966 operationibus
1164 2912 1233 2968 quas
1254 2913 1359 2963 omnes,
1374 2898 1426 2953 boc
1439 2905 1482 2953 εει
1500 2904 1584 2953 tetam
1603 2895 1734 2952 moralem
1747 2895 1956 2967 plritusepiriam,

323 2982 407 3055 ipsius
421 2982 448 3036 in
462 2995 544 3035 carne
563 2992 592 3037 ει
609 2998 658 3053 per
670 2998 779 3040 earnem
796 3000 874 3042 suam
893 2988 1012 3059 quietus,
1014 2988 1113 3080 {⁰1¹}st
1165 2989 1198 3046 de
1215 2967 1482 3044 virtutibns'abima'o
1499 2989 1587 3058 daque
1597 2986 1698 3044 Christi
1712 3000 1798 3043 carne
1810 2986 1956 3057 spiritualis

308 3073 440 3151 Q
453 3080 540 3127 morte
555 3071 668 3130 obrutus
681 3073 812 3142 cliicitnr3
832 3086 860 3133 et
878 3077 955 3146 illud,
971 3090 1112 3152 peccatum
1164 3080 1433 3151 itomosupemns,mi
1445 3081 1531 3151 ipsam
1542 3079 1694 3136 naturalem
1705 3079 1957 3149 contemplationem

322 3165 393 3231 dico,
418 3165 504 3220 clavis
529 3166 633 3223 timoris
655 3167 763 3225 Domini
782 3169 919 3226 conixum
946 3172 1111 3240 mortiilcat,
1165 3175 1192 3229 in
1208 3172 1322 3243 Spiritu,
1338 3170 1588 3254 Qffldtm
1611 3183 1695 3226 carne
1710 3167 1791 3226 Verbi
1818 3170 1852 3226 ad
1875 3167 1957 3240 ipsius

323 3254 387 3310 dum
410 3258 613 3330 omnesipsius
627 3259 753 3331 impetus,
774 3274 808 3317 nc
830 3262 894 3331 quid
910 3262 936 3318 in
959 3276 1007 3318 sua
1030 3251 1151 3319 cameC
1166 3263 1284 3319 animam
1299 3263 1476 3319 transcendit.
1491 3261 1568 3319 Alius
1575 3260 1690 3318 naturali
1700 3260 1823 3318 theoriae
1833 3262 1955 3318 moritur.

321 3346 428 3418 operari
443 3348 560 3419 ualeant,
576 3349 705 3409 refrenat.
716 3351 794 3407 tilius
804 3352 1114 3435 passionibusqutmest,
1165 3352 1311 3409 Estautem
1323 3352 1455 3408 naturalis
1462 3350 1566 3409 tbeoria
1576 3350 1870 3416 rationabilisanim'ae,
1877 3364 1955 3421 quam
1985 3408 1989 3419 ,

323 3437 437 3496 intirmis
465 3443 573 3498 animae
595 3442 766 3507 actionibus,
791 3442 891 3514 quibus
912 3444 1002 3515 primo
1029 3445 1057 3500 in
1085 3461 1115 3504 se
1165 3442 1291 3499 Christus
1303 3446 1417 3514 accepit,
1433 3443 1521 3499 virtus
1540 3441 1719 3514 speculativa,
1743 3443 1789 3500 cui
1811 3441 1956 3514 spiritualis

323 3528 380 3613 ipsa
391 3531 585 3601 corrumpitur,
592 3532 750 3602 priusquam
764 3545 813 3601 per
826 3546 925 3602 corpus
936 3541 1065 3602 operetur
1078 3562 1115 3575 -
1164 3532 1246 3589 bomo
1261 3533 1385 3599 ntoritur,
1397 3533 1460 3587 dum
1480 3532 1537 3604 jam
1551 3546 1603 3587 non
1614 3531 1707 3618 solnm
1720 3540 1803 3603 nepai
1822 3530 1956 3588 Christum

322 3622 394 3680 actio
407 3623 507 3705 qnippe
521 3625 629 3681 animae
652 3630 704 3692 est,
729 3623 932 3695 operatiqucro
948 3624 1117 3696 eorporis-
1166 3639 1276 3681 carnem
1294 3638 1365 3688 esse,
1378 3637 1460 3694 qnam
1472 3621 1529 3692 jam
1543 3603 1711 3694 in's'piritum
1722 3636 1830 3677 versam
1844 3636 1906 3678 esse
1918 3620 1956 3677 in·

322 3713 580 3787 malignandum
600 3731 651 3787 per
665 3715 801 3787 potentias
818 3724 989 3772 restauratae
1006 3716 1116 3783 animae
1166 3715 1272 3788 telligit,
1284 3714 1472 3798 VQQffl
1480 3714 1567 3786 ipsum
1576 3712 1686 3785 depellit
1699 3713 1891 3770 rationabilem
1902 3710 1958 3769 aui·

323 3816 446 3866 meatur.
459 3809 535 3867 Alius
545 3811 700 3880 passionum
711 3808 1002 3894 phantasiistt,
1019 3808 1116 3881 imagi-
1166 3825 1241 3865 mum
1250 3824 1321 3865 esse.
1334 3807 1371 3864 Ut
1380 3808 1452 3864 enim
1463 3823 1528 3864 caro
1539 3807 1627 3879 ipsius
1636 3802 1756 3865 exaltata
1766 3817 1810 3865 cst
1820 3815 1958 3866 etmmma

323 3900 404 3956 nibus
430 3915 521 3957 rernm
548 3900 734 3967 sensibilium,
761 3916 831 3973 qnae
856 3903 884 3958 in
907 3900 1033 3959 sensibus
1051 3917 1116 3958 cer·
1166 3898 1194 3955 in
1206 3897 1575 3965 animamrationabilem,ita
1588 3898 1758 3955 rationabilis
1771 3900 1858 3970 ipsius
1869 3900 1958 3959 anima

323 3989 424 4058 porcis,
440 4005 508 4060 ques
521 3990 658 4062 sapientes
673 3999 772 4047 vocant
784 3991 934 4064 passiones,
950 3990 1114 4061 formantur,
1167 3991 1196 4047 in
1213 3991 1378 4047 intellectum
1391 4000 1419 4048 et
1430 3993 1559 4048 subrecta
1574 4001 1618 4049 est
1638 3994 1671 4049 et'
1683 3995 1958 4090 reremfflboe,

324 4080 503 4152 crueithitur,
519 4083 582 4138 dum
597 4083 646 4149 cis,
659 4083 810 4152 phaonem
820 4084 889 4152 dieo,
902 4084 944 4141 sui
959 4084 1117 4141 sensusob-
1166 4084 1213 4154 qui
1223 4082 1256 4138 ad
1267 4098 1329 4139 cum
1337 4081 1597 4154 periecteascendit,
1608 4084 1642 4142 ad
1653 4084 1815 4142 uniformem
1823 4085 1959 4157 simplam·

324 4178 476 4239 struuntur,
488 4186 522 4227 ne
533 4173 560 4227 in
568 4171 705 4229 libidinem
717 4156 867 4244 cujuspiam
880 4189 970 4230 rerum
983 4183 1118 4246 tempera·
1166 4187 1220 4243 que
1229 4171 1365 4229 tbeoricae
1374 4173 1504 4230 scientiae
1517 4174 1543 4229 in
1559 4173 1689 4247 mysteria
1699 4174 1896 4242 inductionem,
1904 4174 1960 4232 rel·

324 4259 1115 4337 liampereosturpiterattrabatur.Aliusceqitatienibus,
1166 4265 1228 4322 ntia
1256 4267 1352 4322 undam
1361 4262 1597 4321 Christianintaad
1606 4264 1770 4322 intellectum
1779 4245 1960 4338 ipsimtrans·

324 4351 476 4423 mentisque
485 4354 718 4424 conceptionibus,
727 4370 795 4426 quas
805 4370 855 4427 per
864 4370 960 4411 sensus
969 4370 1117 4426 corporeos
1166 4357 1227 4413 sebi
1244 4371 1354 4414 necesse
1368 4364 1420 4411 cst
1445 4354 1522 4412 liius
1537 4357 1572 4412 ab
1584 4357 1679 4412 eadem
1697 4357 1795 4428 simpla
1809 4356 1958 4429 theologica

323 4441 358 4499 de
368 4444 540 4502 sensibilibus
549 4446 632 4503 rebus
641 4447 779 4513 hauserat,
788 4446 1117 4518 crucifigiturmediutius
1166 4446 1289 4514 scientia,
1304 4460 1374 4517 quae
1386 4445 1505 4502 maxime
1520 4445 1594 4503 circa
1607 4444 1709 4502 Christi
1725 4446 1891 4504 intellecmm
1904 4447 1957 4503 cir·

324 4537 351 4593 in
369 4537 410 4593 cis
421 4537 588 4605 demoretur,
603 4539 729 4595 adivinis
742 4537 1017 4609 contemplationibus
1029 4547 1118 4595 retra·
1168 4537 1355 4601 cumvolvitur,
1372 4538 1398 4592 in
1414 4536 1499 4607 ipsam
1520 4535 1669 4608 perlectam
1687 4546 1876 4609 secremmque
1893 4537 1958 4593 diri·

322 4638 395 4687 ctus.
421 4630 498 4686 Alius
516 4630 670 4717 ”Qum
690 4633 843 4703 phantasiis
861 4645 1004 4699 sensuum,
1011 4646 1117 4723 Qum
1130 4613 1159 4677 Ῐ)
1170 4646 1233 4688 nam
1241 4629 1400 4686 trinitatem
1412 4644 1462 4701 per
1471 4629 1651 4700 negationem,
1665 4630 1803 4696 omnibus,
1816 4643 1885 4700 quae
1897 4636 1958 4701 pest
2055 4606 2056 4625 ἶ

354 4724 406 4779 iam
415 4724 526 4780 omnino
536 4724 602 4793 ipsis
611 4724 870 4782 omnibussensibus
884 4723 1010 4790 moritur,
1022 4737 1057 4779 ne
1067 4738 1117 4795 per
1169 4722 1255 4779 licum
1280 4729 1354 4788 sunt,
1378 4719 1509 4786 moriens,
1533 4719 1617 4776 reiuti
1641 4734 1657 4776 a
1681 4720 1798 4792 quodam
1822 4719 1957 4778 intellectu

325 4827 396 4869 eost
414 4812 440 4869 lc
454 4828 548 4868 errore
562 4815 718 4870 seducatur.
737 4815 814 4872 Alius
826 4830 935 4872 omnem
955 4814 1116 4873 naturaliter
1168 4810 1271 4869 Cbristi
1290 4810 1325 4865 ad
1348 4808 1613 4880 ipsiusdiuinitatem
1626 4798 1741 4883 mystice
1759 4809 1887 4867 ascendit
1910 4809 1957 4869 Sic

325 4901 539 4959 familiaritatem
547 4914 574 4960 et
583 4905 804 4977 habitumquem
812 4922 860 4979 per
869 4921 1118 4979 sensuscorperens
1168 4904 1262 4977 eguus
1278 4902 1327 4959 bei
1349 4902 1377 4958 in
1398 4901 1525 4958 cordibus
1547 4900 1667 4958 ddciium
1687 4909 1830 4969 mactatur,
1855 4910 1884 4960 et
1901 4919 1957 4961 ma

326 4991 361 5049 ad
374 4992 511 5048 sensibilia
523 4995 695 5064 possederat,
708 4995 791 5095 Q
806 4996 872 5067 ipsis
887 4997 1015 5054 omnibus
1029 4995 1118 5053 cruci·
1170 4997 1271 5053 ctando
1282 4993 1451 5062 vivificatum
1464 4992 1505 5053 sic
1517 5002 1658 5065 peccatum
1669 4994 1762 5053 mundi
1774 4995 1809 5052 ab
1820 4994 1897 5050 omni
1909 4994 1955 5051 bu·

327 5176 421 5241 luisse,
434 5184 463 5232 at
472 5179 580 5234 demum
593 5185 657 5249 post
670 5187 811 5248 peccatum
830 5181 978 5237 humanam
991 5184 1117 5235 naturam
1171 5176 1416 5248 cirinum,quaein
1424 5177 1503 5234 altari
1510 5179 1954 5251 ponuntur,pcstconsecrationem

326 5251 354 5306 in
367 5249 516 5304 masculum
530 5258 558 5305 ει
570 5247 698 5305 leminam
711 5251 824 5306 divisam
835 5264 905 5307 csse.
923 5251 962 5306 Ex
973 5265 1026 5321 qua
1047 5250 1116 5305 divi·
1173 5265 1227 5306 non
1237 5249 1324 5307 scium
1335 5258 1547 5314 sacramentam,
1558 5250 1606 5306 sed
1617 5251 1700 5306 ctiam
1713 5266 1810 5307 rerum
1823 5266 1920 5323 eorpus
1929 5262 1954 5310 ct

327 5321 404 5376 sintne
416 5334 531 5375 sexuum
550 5329 643 5376 natam
655 5335 716 5376 esse
731 5321 839 5390 generis
861 5321 972 5377 bumani
987 5319 1118 5391 multipli·
1169 5320 1330 5392 sanquinem
1342 5319 1447 5374 bomini
1458 5319 1630 5387 nostriessc;
1645 5320 1836 5377 etsemeniiter
1847 5337 1899 5378 non
1909 5339 1952 5381 so·

234 5403 237 5407 ·
327 5390 475 5456 cntionem,
497 5404 569 5460 quae
583 5390 631 5445 tiat
651 5391 825 5473 generatione
843 5392 1117 5462 percormptionem.
1172 5392 1420 5456 imnsacramcnto,
1442 5392 1489 5445 sed
1508 5389 1665 5446 inveritate
1685 5392 1812 5447 manibus
1834 5394 1953 5451 sacerde-

328 5458 413 5529 Quem
427 5475 548 5517 ermrem
563 5460 589 5516 in
602 5460 680 5517 libus
695 5462 729 5516 dc
743 5462 798 5517 div.
819 5461 879 5516 liat.
903 5463 1014 5517 uberius
1036 5476 1120 5534 expo-
1173 5470 1230 5517 tum
1246 5458 1367 5526 tractari,
1382 5468 1411 5515 ct
1427 5459 1514 5543 iranqi
1528 5468 1557 5515 et
1569 5458 1687 5528 fidelium
1705 5460 1826 5517 demitur
1840 5466 1916 5519 muri
1929 5484 1951 5521 ι.

327 5533 391 5588 suit.
413 5532 581 5588 liecensetur
595 5531 640 5588 ilia
664 5532 789 5587 doctrina
803 5533 829 5587 in
840 5533 1067 5588 commentatione
1086 5532 1120 5589 de
1172 5532 1248 5600 Quae
1259 5531 1368 5602 quidem
1384 5530 1418 5585 tle
1428 5546 1512 5601 specte
1525 5530 1597 5585 dicta
1614 5539 1692 5598 sunt;
1707 5547 1770 5587 nam
1786 5533 1860 5589 nuile
1874 5534 1951 5605 reifir

328 5599 355 5660 J.
368 5600 451 5659 Scuto
463 5617 544 5672 supra
559 5604 647 5674 posita
657 5601 688 5658 P.
701 5602 722 5657 li
738 5602 752 5676 5
766 5602 801 5658 50
811 5619 870 5673 sqq.
1126 5608 1128 5611 ’
1170 5602 1294 5658 scissem.
1321 5600 1376 5656 lieo
1391 5615 1445 5655 non
1457 5599 1483 5656 l.
1507 5598 1695 5672 Scotussupra
1706 5602 1733 5657 iu
1743 5603 1951 5673 expositimlbus

367 5673 605 5744 1ιΕιιίιιειιιιιιιιιιιι,
632 5671 1120 5740 nas,testetmevatdo‚l.smtusde
1170 5672 1295 5729 caelestis
1313 5670 1466 5727 lerarchiae
1484 5671 1621 5734 decuerat,
1632 5673 1832 5729 sanctissimam
1851 5672 1951 5731 lineba-

331 5743 500 5798 sanctissima
513 5744 680 5800 Erichanstia
694 5745 794 5807 docuit,
809 5744 930 5814 testiqia.
942 5742 1120 5800 ΕεειιιιιΒε-
1172 5743 1277 5798 ristiam
1290 5742 1457 5797 inteteriora
1470 5749 1580 5795 naturae
1598 5750 1703 5799 metreta
1716 5742 1904 5815 manni,
1915 5744 1951 5803 uti

331 5813 1121 5883 rengariusRomaesubseriberedebuitturmulaeztl’auem
1176 5820 1293 5869 nostram
1307 5810 1465 5882 impetitam
1477 5809 1678 5882 desipientiam
1951 5818 1956 5825 ’
