4167 6625
88 464 147 521 rar
271 444 314 462 ''
506 467 550 524 un
568 466 736 525 otvtstouu
755 465 929 526 naa-unas.
948 500 983 511 -
999 470 1099 526 emen
1119 467 1295 538 unaarus.
1681 468 1735 527 ror

87 574 524 647 mundanarcinrtemporaliter
533 577 805 649 corruptibiliterque,
813 578 891 650 cujus
903 582 928 642 Α
941 579 987 644 cit,
1007 580 1079 651 qnod
1089 580 1115 634 in
1125 581 1178 635 boc
1191 580 1274 633 bomo
1295 578 1412 635 maxime
1423 576 1648 657 reprehenditur,
1658 579 1734 648 quia,

87 664 165 721 linis
178 681 253 721 mors
265 674 320 729 est,
338 682 431 723 renim
449 669 596 724 secundum
614 669 686 739 qrrod
699 668 733 722 ad
747 668 891 739 imaginem
943 669 1006 725 ditm
1023 653 1097 724 esset
1107 666 1248 739 spirituale
1262 666 1362 722 animal
1374 675 1402 723 et
1415 681 1534 737 sapiens,
1555 667 1581 722 in
1592 666 1679 738 prima
1692 667 1736 722 sni

88 754 162 821 Dei,
181 756 341 827 priusquam
359 767 496 827 peccaret,
516 760 621 814 condier
643 769 694 813 cst.
720 758 796 824 Quod
810 759 892 813 etiam
942 761 1095 816 conditione
1106 760 1139 816 ad
1163 759 1308 830 imaginem
1325 758 1371 815 liei
1386 767 1414 814 cl
1436 758 1652 824 similitudinem,
1678 759 1737 830 ipse

88 859 211 901 omnem
235 860 346 901 seasuur
371 863 547 915 corporeum,
570 862 733 917 omnemque
751 846 893 903 mortalem
942 850 1102 920 insipienter
1113 859 1142 907 et
1156 850 1380 907 irrationabiliter
1404 865 1436 906 se
1455 865 1569 907 mouens
1583 858 1679 908 contra
1692 853 1735 907 sui

88 933 295 1004 cogitationem
312 948 362 1003 pru
375 933 503 990 ineffabili
519 944 632 995 naturae
646 935 776 1006 dignitate
790 935 894 991 incom-
942 939 1111 997 oorrdiloris’
1126 941 1293 1007 mandatum,
1308 940 1502 1011 insipientium,
1518 940 1571 997 hoc
1584 954 1626 997 est
1641 940 1734 998 brule-

88 1022 324 1092 prelrensibiliter
345 1024 430 1094 lugit,
453 1025 501 1080 red
517 1024 629 1096 decepta
647 1034 676 1081 et
689 1024 780 1095 lapsa,
793 1039 894 1096 pratae
942 1028 1735 1099 rum”animaliumsimilitudinematlrarit,eonrmqnein·

88 1132 167 1174 arrae
189 1118 338 1174 uoluntatis
361 1118 479 1174 tenebris
501 1119 665 1185 obcaecata,
684 1128 713 1174 et
731 1119 848 1188 seipsam
866 1126 895 1174 et
943 1116 1223 1173 convenientibuasibi
1232 1116 1534 1173 motibus¹¹naturalern
1546 1127 1661 1173 naturae
1670 1133 1736 1173 snae

88 1204 261 1263 Creatorem
286 1208 327 1263 sui
342 1209 351 1240 ¹
366 1207 494 1264 obliuioni
514 1208 636 1264 tradidit.
652 1207 687 1263 Et
703 1208 771 1263 haec
782 1217 826 1262 est
840 1207 893 1261 mi·
912 1225 918 1243 ·
942 1205 1113 1263 honestatem
1127 1190 1325 1263 dehonestavit.
1339 1205 1398 1262 llon
1417 1207 1531 1264 enimin
1550 1223 1583 1266 eo
1599 1208 1735 1273 laudatur,

88 1296 218 1351 serrima
237 1312 311 1352 mors
328 1297 427 1368 ipsius,
445 1296 710 1368 profundissimaque
725 1298 752 1352 in
778 1296 894 1366 caligine
943 1297 1016 1366 quod
1027 1296 1127 1351 animal
1140 1306 1192 1363 cst,
1205 1298 1251 1353 sed
1270 1298 1343 1367 quud
1357 1298 1445 1368 imago
1457 1299 1506 1354 uei
1517 1307 1559 1354 est
1572 1299 1604 1365 ¹⁸,
1618 1300 1688 1354 sieut
1708 1302 1736 1354 in

90 1384 274 1456 ignorantiae
285 1387 447 1452 submersio,
463 1397 490 1442 ct
503 1401 518 1442 a
530 1386 619 1457 seipsa
635 1396 663 1443 et
676 1402 692 1441 a
703 1386 833 1443 creatore
844 1400 894 1441 sno
942 1397 976 1438 eo
985 1398 1039 1438 non
1050 1384 1228 1455 vituperatur,
1244 1384 1316 1454 qrrod
1327 1385 1439 1452 animal,
1451 1386 1498 1441 scd
1508 1385 1580 1456 quod
1590 1386 1736 1456 imaginem

90 1474 260 1546 longissima
279 1477 424 1543 distantia,
439 1476 670 1533 irrationabilibus
688 1492 753 1534 vero
774 1477 895 1534 mortali·
943 1470 1202 1537 delormarevoluit.
1223 1488 1305 1544 quem
1323 1475 1436 1544 perdere
1447 1490 1500 1531 non
1517 1477 1614 1545 potuit.
1627 1474 1695 1532 Nam
1709 1476 1737 1533 iu

89 1564 208 1635 Meque
225 1566 408 1621 animantibus
426 1566 547 1637 proxima
569 1566 778 1636 turpissimaque
800 1567 895 1622 simili·
943 1563 1042 1619 ceteris
1066 1563 1226 1618 animalibus
1240 1564 1441 1622 irrationabiles
1464 1575 1555 1622 motus
1570 1575 1662 1637 turpes
1682 1583 1735 1623 non

92 1654 184 1722 tudc;
208 1669 242 1710 en
266 1670 320 1725 qua
343 1655 440 1710 iterum
463 1669 542 1711 neruo
559 1669 620 1710 eam
643 1655 731 1724 potnit
751 1655 893 1721 redimere,
944 1659 1016 1713 sunl.
1027 1652 1091 1707 dnm
1105 1653 1266 1710 naturaliter
1285 1655 1325 1710 eis
1336 1654 1442 1720 insunt,
1457 1663 1484 1711 et
1494 1656 1553 1712 sine
1570 1656 1667 1726 quibus
1677 1658 1737 1712 ani-

92 1757 245 1809 revocare,
258 1743 398 1810 munere,
417 1753 445 1799 et
461 1744 494 1800 ad
506 1752 607 1799 statum
626 1744 780 1815 pristinum,
795 1745 895 1815 dequo
944 1742 1093 1798 maliaesse
1103 1758 1156 1797 nnn
1167 1744 1320 1813 posature.
1331 1743 1553 1814 chmbeusibile
1564 1757 1606 1803 est
1616 1757 1706 1801 auteur
1716 1746 1736 1777 ¹⁸

93 1833 256 1900 occiderat,
272 1842 440 1899 restaurare,
457 1835 505 1891 sed
520 1835 565 1890 lici
584 1835 734 1905 sapientia,
750 1850 819 1906 quae
833 1851 894 1892 eam
944 1839 1025 1901 atquc
1037 1829 1159 1887 dclnrme
1178 1831 1330 1888 inanimali
1347 1833 1512 1901 rationabili,
1523 1835 1550 1890 in
1564 1843 1654 1891 motus
1668 1835 1739 1890 irra-

93 1924 218 1991 crearil,
233 1939 347 1995 amque
365 1925 391 1980 iu
412 1925 542 1981 unitatem
558 1925 609 1980 sibi
627 1926 637 1956 ¹
656 1925 822 1981 substantiae
846 1941 892 1982 ac·
907 1918 931 1977 B
946 1921 1124 1987 tionabilium,
1138 1922 1263 1991 utramuis
1273 1923 1411 1991 naturales
1421 1924 1474 1979 illis
1488 1925 1552 1993 sinl,
1571 1924 1665 1981 illicito
1677 1942 1740 1996 per·

94 2011 224 2082 cepit,ut
234 2012 274 2067 sic
283 2027 344 2067 eam
354 2012 483 2078 salvaret,
493 2024 590 2069 cuncta
602 2012 749 2069 liberatit⁸
773 2013 893 2069 miseria.
945 2029 1041 2071 versae
1069 2014 1214 2070 uoluntatis
1229 2015 1349 2086 appetitu
1375 2017 1483 2080 cadere,
1500 2016 1527 2071 iu
1553 2017 1647 2086 eisque
1670 2017 1739 2072 velle

94 2101 161 2157 Non
184 2110 213 2157 te
234 2102 316 2172 igitur
334 2111 455 2168 moueat,
468 2104 541 2173 quod
562 2103 597 2159 de
615 2104 732 2159 bumana
747 2114 842 2160 natrrra
854 2104 895 2161 di·
945 2120 1066 2170 manere,
1082 2105 1176 2160 relicta
1191 2106 1323 2176 superiori
1338 2107 1538 2177 pulchritudine
1552 2107 1659 2162 divinae
1671 2108 1739 2162 ima·

95 2201 176 2246 utum
192 2201 250 2257 est,
265 2202 348 2247 totam
363 2192 390 2247 iu
404 2194 492 2259 seipsa
508 2194 609 2264 ubique
620 2209 695 2257 csse,
710 2203 739 2250 et
751 2195 894 2263 imaginem
945 2196 1026 2268 ginis.
1041 2196 1114 2253 lirae.
1130 2195 1196 2252 iure
1218 2197 1327 2267 quidem
1354 2196 1479 2266 culpatur
1506 2197 1676 2253 rationabilis
1704 2199 1739 2253 ob

96 2278 126 2334 in
141 2280 256 2335 animali
276 2287 371 2346 totam,
385 2290 413 2335 et
425 2281 524 2336 animal
539 2282 565 2336 in
579 2283 696 2353 imagine
710 2291 805 2339 totum.
867 2334 869 2341 s
946 2286 1102 2341 animalium
1128 2286 1351 2343 irrationabilium
1370 2294 1459 2343 motus
1474 2287 1505 2341 ¹⁸.
1524 2286 1591 2343 Nam
1605 2286 1629 2342 si
1642 2286 1741 2357 aliquis

133 2369 163 2424 d.
175 2368 492 2440 Omnesiquidenr,quod
503 2370 772 2426 irracunditorsuus
781 2373 897 2442 primor-
947 2376 1028 2431 humo
1041 2378 1171 2432 bouestae
1188 2377 1291 2431 lorruae
1299 2376 1438 2432 bestialem
1453 2375 1566 2448 effigiem
1580 2384 1676 2446 sponte
1690 2391 1739 2431 sua

95 2460 211 2517 dialiter
221 2462 428 2526 crearit,totunr
442 2463 630 2535 integrumque
642 2475 745 2530 manet,
756 2466 894 2522 adbucta·
946 2467 1121 2532 seindueret,
1140 2484 1192 2524 non
1209 2468 1346 2524 immerito
1363 2468 1615 2539 reprehenderetur,
1639 2467 1673 2523 ab
1695 2482 1740 2533 ee,

95 2568 163 2609 meu
175 2552 254 2617 latet,
265 2550 455 2607 revelationem
467 2551 581 2609 liliorum
595 2554 642 2608 liei
652 2567 810 2625 expectans.
823 2556 894 2612 bisc.
946 2555 1018 2626 quud
1035 2554 1134 2611 melius
1146 2564 1199 2621 est,
1214 2556 1242 2610 in
1256 2555 1294 2622 id,
1315 2555 1387 2626 quud
1412 2555 1497 2611 mullo
1509 2555 1530 2587 ¹⁸
1547 2555 1676 2621 deterius,
1695 2570 1741 2610 se·

95 2641 161 2698 lina
176 2641 487 2723 meQaQismoreret,
497 2642 898 2714 simibiclaresuaderes‚qnod
948 2644 1037 2713 ipsum
1053 2635 1245 2713 praecipitans.

95 2745 152 2803 per
163 2731 297 2801 meipsum
309 2731 463 2801 perspicere
475 2745 528 2786 non
537 2731 623 2787 raico.
636 2732 760 2789 helibero
771 2750 897 2803 namque,
982 2731 1009 2784 i.
1029 2729 1083 2787 Sed
1096 2731 1185 2787 adhuc
1195 2747 1307 2803 quaero,
1321 2748 1371 2788 cur
1382 2733 1452 2790 lieus
1466 2734 1604 2790 bominem
1618 2734 1645 2791 in
1659 2748 1742 2804 gene·

95 2826 197 2876 utrum
217 2820 309 2884 homo,
325 2820 349 2875 si
363 2835 416 2876 nun
437 2830 573 2891 peccaret,
599 2821 700 2876 animal
714 2831 789 2878 esset
803 2840 810 2875 z
826 2824 898 2894 quod
949 2837 979 2878 rc
995 2820 1151 2877 animalium
1167 2824 1280 2888 creauit,
1293 2839 1373 2894 quem
1399 2825 1433 2880 ad
1450 2825 1596 2896 imaginem
1611 2839 1687 2879 arram
1713 2832 1743 2879 et

96 2910 187 2965 fflam
212 2908 266 2964 alic
290 2909 371 2964 modo
388 2923 497 2978 possum
519 2909 620 2974 dicere,
632 2909 814 2965 num⁸homc
837 2919 900 2966 aule
948 2912 1154 2968 similitudinem
1168 2911 1258 2969 lacere
1277 2914 1380 2970 uoluit?
1400 2912 1744 3013 Gloriosiqunfiffiretide·

97 3008 248 3071 murm,
260 3000 361 3055 animal
374 3000 451 3055 erati
466 2999 495 3055 sl
504 3046 506 3050 .
515 3014 568 3055 non
580 3008 649 3068 erat,
663 3013 712 3054 cur
736 3008 839 3054 tantum
861 3000 900 3054 la·
949 3009 1034 3065 retur,
1047 3000 1122 3056 omni
1130 3001 1298 3057 animalitate
1312 3003 1371 3058 lleri
1386 3003 1551 3068 absolutum,
1563 3004 1635 3072 quod
1646 3016 1743 3073 supcr-

98 3091 260 3148 horarium
270 3099 442 3162 quaerentes,
454 3099 494 3156 et,
512 3091 705 3157 utestrisum,
722 3090 899 3156 invenientes,
950 3091 977 3145 ni
994 3090 1162 3146 characteris
1183 3090 1321 3161 particeps
1338 3105 1399 3146 esse
1417 3090 1488 3144 ultra
1501 3090 1593 3143 omnin
1615 3089 1743 3144 animalia

98 3184 132 3237 iu
146 3180 291 3238 uniuersali
306 3179 731 3250 genereanimattun10nonrinem
744 3178 900 3235 conditunr‘
952 3178 1041 3234 luerat
1049 3178 1177 3245 electum,
1202 3180 1414 3249 caelestiumque
1427 3178 1607 3235 essentiarum
1619 3193 1741 3241 consors,

98 3272 187 3330 casei
209 3272 238 3329 st
262 3273 334 3329 enim
353 3272 380 3327 in
393 3286 427 3328 eo
450 3284 550 3343 genere
574 3285 627 3327 nou
649 3278 691 3327 cst
715 3281 832 3334 creante,
854 3278 898 3326 aut
913 3267 936 3331 C
951 3270 1049 3341 quibus
1069 3276 1238 3326 terrenorum
1258 3270 1417 3326 animalium
1437 3269 1509 3327 nulla
1529 3268 1745 3325 mnsubstantia·

98 3362 293 3418 emnincaute
304 3369 446 3432 mesalum
461 3361 563 3416 animal
576 3376 630 3417 non
642 3369 713 3426 erat,
725 3370 772 3416 aul
790 3361 813 3417 si
829 3369 899 3427 erat,
950 3361 1012 3417 litas
1033 3362 1133 3418 sinitur
1152 3363 1250 3418 inesse.
1276 3362 1335 3417 Non
1357 3363 1431 3418 euim
1451 3361 1566 3416 terrenis
1587 3360 1745 3430 corporibus

99 3453 132 3507 in
147 3451 205 3506 alio
224 3442 498 3522 genereamimalinnr
521 3448 646 3505 conditus
668 3458 737 3505 erat.
752 3449 829 3517 Quod
850 3464 901 3505 nec
949 3461 1107 3525 gravantur,
1121 3468 1172 3509 nee
1185 3454 1325 3524 corporeis
1337 3453 1461 3509 sensibus
1470 3460 1583 3506 utuntur
1596 3451 1617 3482 ²¹
1640 3447 1673 3502 ad
1699 3463 1744 3504 re·

99 3539 200 3596 divina
220 3537 357 3607 Scriptura
371 3537 529 3602 introducit,
542 3552 593 3593 nec
607 3537 722 3608 diligens
736 3539 849 3593 rationis
859 3538 901 3592 in·
950 3556 1010 3597 rum
1030 3540 1198 3597 sensibilium
1222 3540 1358 3596 notitiam.
1373 3539 1431 3595 Nun
1448 3540 1521 3596 eninr
1542 3538 1564 3571 ¹⁸
1577 3537 1746 3593 extrinsecus

100 3624 254 3698 qulaitioin
269 3634 364 3680 natura
376 3640 467 3680 rernm
479 3625 591 3694 reperit.
604 3622 701 3679 (imario
711 3624 783 3680 enim
795 3624 900 3680 anima·
950 3630 1110 3700 phantasias
1120 3631 1267 3701 accipiunt,
1290 3631 1338 3684 sed
1351 3629 1515 3684 intrinsecus
1530 3628 1557 3681 in
1583 3624 1679 3695 seipsis
1702 3639 1746 3678 ra-

101 3716 143 3771 lia
167 3715 196 3771 ia
219 3729 273 3770 uuo
297 3728 396 3785 genere
415 3714 577 3779 subsistunt,
594 3728 610 3768 a
628 3727 683 3784 quo
693 3728 741 3784 per
754 3712 901 3769 divisiones
950 3718 1155 3784 unumunurm,
1169 3733 1238 3789 quac
1251 3718 1354 3783 rident,
1372 3724 1548 3789 cognoscunt.
1563 3714 1631 3769 Nam
1649 3713 1748 3770 clani·

102 3807 265 3879 procedunt.
278 3806 314 3861 At
329 3807 354 3863 si
368 3806 395 3861 in
416 3821 450 3862 eo
462 3805 533 3876 qnod
547 3805 679 3875 scriplum
691 3805 755 3861 est'
770 3821 778 3858 r
798 3801 902 3859 Proda-
950 3822 994 3862 ma
1009 3822 1063 3863 uon
1079 3815 1157 3863 entra
1169 3804 1746 3877 seuidet,quaesentit,sedpcrphantasias

104 3907 148 3954 rat
159 3906 230 3952 terra
248 3897 365 3951 animum
382 3896 479 3963 uinum,
500 3895 572 3950 inter
584 3892 711 3948 animalia
730 3902 821 3949 cetera
835 3907 903 3948 con·
951 3896 978 3953 in
990 3898 1093 3966 seipsa,
1107 3897 1180 3965 qnod
1194 3894 1282 3965 angeli
1296 3910 1349 3952 non
1364 3894 1513 3965 patiuntur.
1527 3891 1656 3958 ernmris
1670 3890 1747 3946 Plato

105 3989 174 4044 maio
187 3987 305 4044 hominis
315 3987 469 4043 introducta
486 3995 605 4041 estante-
619 3994 770 4055 peccatum,
785 3999 900 4057 quomo-
949 3986 1075 4055 angelum
1092 3983 1207 4042 deliniat
1230 3982 1331 4038 animal
1359 3980 1493 4037 rationale
1516 3989 1545 4035 ct
1569 3976 1745 4033 immortale:

112 4078 143 4134 lo
167 4075 310 4132 Psalmista
325 4076 408 4131 veluti
424 4090 551 4146 magnum
574 4075 749 4145 opprobrium
768 4075 902 4129 hnmanae
950 4078 997 4134 sed
1020 4076 1092 4146 urrod
1115 4072 1279 4130 auctoritate
1303 4071 1333 4127 S.
1363 4070 1522 4142 Scripturas
1536 4076 1774 4140 sanctorumque⁸

106 4175 221 4222 naturae
235 4174 297 4236 post
305 4166 411 4236 lapsum
435 4165 535 4237 ingerit
547 4165 641 4221 dicens
656 4180 664 4218 :
679 4163 777 4230 liano,
791 4180 851 4219 cant
872 4165 902 4220 in
949 4166 1061 4222 Parrum
1072 4164 1188 4236 probare
1200 4177 1254 4218 non
1268 4175 1425 4232 possumus,
1435 4160 1507 4216 inter
1527 4167 1617 4216 cedas
1637 4169 1748 4215 natura·

106 4257 206 4311 honore
220 4265 297 4321 nan,
313 4272 365 4310 non
380 4253 519 4320 intelleait,
533 4263 700 4323 comparatur
721 4263 759 4310 ert
773 4254 902 4323 jamnttr
949 4254 1223 4325 runrspeculationes,
1236 4250 1365 4324 quoniam
1374 4252 1546 4310 temerarium
1560 4258 1613 4316 cat,
1624 4251 1748 4319 accipere

108 4346 299 4416 insipientibus,
312 4354 337 4401 et
349 4344 444 4400 similia
457 4344 543 4414 [uuna
556 4352 596 4399 art
608 4342 683 4397 illisi
698 4342 749 4400 libi
765 4342 901 4414 Propheta
950 4359 1005 4400 non
1024 4343 1166 4399 debemus.
1193 4342 1271 4409 Quod
1296 4352 1386 4398 autem
1408 4342 1430 4377 ¹⁹
1448 4349 1559 4397 sanctus
1581 4339 1748 4410 Arrgustiaus

108 4442 202 4504 aperte
214 4432 321 4489 rideltu
331 4433 518 4502 pronuntiare,
545 4431 682 4486 hominem
707 4440 771 4486 ante
795 4431 900 4502 lapsum
950 4447 1072 4490 summos
1091 4430 1202 4502 angelm
1222 4430 1375 4501 spiritualia
1390 4443 1439 4485 sua
1458 4443 1583 4498 corpora,
1608 4426 1749 4498 inquibus

109 4527 137 4581 iu
150 4524 254 4580 honore
274 4522 422 4594 spiritualis
444 4521 612 4578 substantiae
625 4522 695 4577 ultra
708 4523 829 4578 omnium
843 4523 902 4578 aui·
951 4535 1032 4591 saepe
1044 4527 1187 4591 apparent,
1200 4534 1254 4575 uon
1273 4519 1361 4600 solnm
1379 4519 1480 4574 habere
1493 4532 1546 4572 uon
1561 4516 1686 4588 denegat,
1699 4529 1748 4572 re·

110 4611 219 4668 maliana
231 4619 356 4666 naturam
372 4611 527 4667 substilisse
539 4626 547 4676 ;
560 4625 594 4667 eo
607 4625 673 4667 reru
683 4611 800 4678 labente,
815 4612 940 4684 digni-1)
953 4625 1013 4667 rum
1024 4611 1109 4666 ctiam
1121 4609 1276 4675 conllrmat,
1290 4607 1364 4664 nullo
1377 4608 1459 4664 modo
1470 4605 1675 4682 compellitnas,
1687 4619 1749 4661 cae·

110 4709 246 4771 umque
256 4714 322 4755 suae
332 4707 445 4755 naturae
457 4714 510 4754 non
525 4698 700 4770 intelligente,
715 4701 742 4755 in
757 4710 897 4757 contume·
951 4701 1033 4759 lestes
1045 4701 1211 4758 substautias
1224 4699 1351 4755 animalia
1375 4712 1437 4755 csse
1449 4697 1572 4762 credere,
1585 4695 1748 4766 praesertim

111 4787 375 4858 liamjumentorum
394 4788 579 4844 similitudinis
600 4788 740 4846 eccidisse.
757 4788 786 4845 si
807 4797 897 4844 autem
950 4806 1012 4849 cum
1030 4807 1084 4846 non
1106 4789 1265 4847 menmium
1287 4796 1316 4846 et
1343 4786 1588 4857 incorruptibilium
1602 4799 1749 4856 corporum

113 4887 174 4933 mle
185 4876 290 4947 lapsum
302 4877 402 4933 animal
411 4885 483 4943 erat,
494 4893 544 4934 cur
555 4887 617 4949 porr
626 4877 898 4950 lapsumiueoluste
950 4895 1012 4937 cum
1027 4879 1157 4951 angelicis
1182 4879 1324 4951 spiritibus
1347 4876 1488 4934 harmonia
1506 4873 1750 4948 inseparabilisque

112 4966 328 5036 reprehenditur,
337 4965 502 5023 ‘animalium
519 4966 723 5026 similitudinem
737 4967 895 5033 incurrisse,
946 4964 1085 5038 iunctura,
1098 4971 1146 5027 sed
1160 4970 1330 5027 terrestrium
1343 4978 1372 5026 et
1379 4967 1596 5040 corruptibilium
1614 4981 1677 5024 cum
1691 4967 1751 5022 ani-

112 5053 213 5125 quibua
224 5053 382 5111 naturaliter
398 5054 451 5111 sub
460 5069 516 5110 uuo
527 5068 625 5127 genere
636 5067 797 5113 concreatus
810 5058 822 5091 ⁸
834 5057 897 5113 esti
950 5063 1048 5118 mabus
1055 5061 1113 5119 sire
1125 5061 1333 5118 rationabilibus
1343 5059 1402 5116 sire
1414 5058 1659 5124 irrationabilibus,
1666 5071 1749 5114 sensu

114 5143 186 5201 alar.
212 5142 307 5228 Quo
333 5144 516 5212 delibenres,
539 5145 563 5201 si
581 5146 713 5217 propheta
739 5146 899 5218 simpliciter
952 5151 1101 5219 mediante,
1111 5152 1244 5209 connexio
1254 5150 1355 5207 animal
1365 5148 1473 5207 alliciat.
1483 5149 1551 5206 llam
1561 5149 1585 5206 si
1594 5162 1692 5206 senatu
1702 5163 1751 5204 er·

114 5232 234 5300 &meir
244 5242 416 5308 morantur
426 5235 651 5306 estinmenlie.el
661 5234 901 5293 similisiactuscst
953 5242 1038 5300 terior
1049 5241 1182 5314 angelicis
1194 5241 1355 5312 corporibus
1367 5249 1449 5311 atque
1462 5237 1644 5295 intellectibus
1666 5236 1748 5299 inest,

115 5320 177 5384 iilis.
188 5322 300 5380 audens
311 5336 376 5382 rere
386 5321 517 5394 iumentis
528 5324 709 5394 insipientibus
722 5326 789 5382 satis
799 5326 902 5397 patela-
954 5333 1018 5402 quid
1038 5332 1176 5401 prohibet,
1200 5346 1235 5387 ne
1262 5330 1322 5386 illus
1343 5329 1470 5385 animalia
1492 5324 1748 5397 corporectanima

747 5435 874 5492 VdedE
892 5434 1096 5498 esurientes.

151 5527 221 5612 {ste
239 5526 338 5594 (LA
353 5544 441 5611 uam.
477 5524 550 5583 ·slc
567 5522 630 5591 CF3
648 5523 673 5581 h
693 5541 766 5608 sau.
831 5525 842 5557 ⁸
866 5524 913 5580 Sic
938 5527 998 5609 liii:
1027 5529 1051 5581 Δ
1076 5537 1101 5583 et
1131 5535 1225 5582 cancia
1247 5526 1379 5607 liberaret.
1432 5522 1511 5579 ‘Sic
1536 5524 1576 5588 A3
1601 5521 1645 5578 CF
1675 5538 1747 5577 nrm.

116 5596 635 5724 :burbureninse
650 5594 1258 5721 restinctumaurun
1280 5590 1674 5719 ..'..-.⁵u.n⁰¹·1.⁶uuf
1694 5599 1748 5714 u:

119 5737 143 5769 ¹¹
154 5735 198 5793 Sic
209 5710 269 5800 (si't
284 5736 427 5807 Apertam.
464 5735 488 5770 ⁸⁸
501 5734 548 5817 Sic
561 5733 604 5791 CF
615 5705 659 5800 ;’Δ
671 5742 758 5788 autern
772 5743 819 5789 est.
859 5734 881 5765 ¹⁸
902 5733 949 5790 Sic
962 5735 1005 5817 d,
1023 5732 1066 5790 CF
1082 5705 1214 5805 culpatur’
1227 5732 1394 5789 rationabilis
1409 5702 1532 5788 emmelis
1559 5727 1750 5788 inninnnlitir

118 5817 211 5863 nunt.
248 5806 437 5863 ‘'lmnltum.
474 5803 855 5871 ¹¹StcliF;nntnlnrom.d.
894 5802 1129 5862 ”animum-CF.
1168 5802 1225 5857 ’Ἀ
1248 5811 1304 5858 nat.
