4167 6625
368 456 422 511 its
914 447 1163 507 expostulastis
1181 451 1322 509 Jonnbts
1341 449 1440 507 scuit
1937 445 1988 498 itt

365 565 514 638 acqualiter
536 579 596 620 cum
624 562 725 635 angelis
748 561 775 618 in
800 559 1026 633 simplicissimam
1046 576 1152 632 puram·
1164 571 1334 634 Aquentant
1360 563 1381 594 ¹¹
1405 562 1511 618 actione
1537 568 1565 615 et
1588 560 1710 614 scientia.
1748 556 1847 610 vende
1868 553 1990 608 caelestes

366 647 420 733 que
445 656 669 715 incommutabilis
703 654 825 711 veritatis
856 652 1154 736 speculationede
1204 656 1347 711 ierarchias
1381 655 1491 710 laudere
1516 650 1657 708 meandum
1688 651 1804 719 ipsorum
1829 649 1859 701 in
1881 645 1990 714 dapum

356 748 646 846 Qtffiisproliaius,
658 760 740 819 quam
754 761 799 803 res
812 746 907 817 erigit,
921 746 1038 816 primum
1050 746 1155 816 capitu·
1204 746 1452 816 manifestationem,
1468 743 1596 799 subaudis
1609 757 1625 795 a
1648 738 1831 811 superioribus
1846 754 1854 791 ι
1873 746 1988 807 oportet.

367 844 425 900 lum
469 859 484 897 a
554 840 639 904 imus;
669 849 769 909 quanta
803 847 893 893 tamen
928 837 1155 910 insequentibus
1205 835 1244 892 dc
1257 838 1279 892 si
1302 836 1405 892 diceret
1423 853 1429 890 ε
1445 835 1509 890 Post
1523 832 1663 906 'generalis
1686 829 1855 893 ierarchiae,
1879 827 1991 897 ejusque

369 856 630 1007 amdffirsrrs
642 928 738 994 lector,
748 928 777 984 ni
794 927 882 993 iallur,
898 927 1026 984 inveniet.
1040 925 1155 995 Explicit
1195 893 1402 982 diffisum
1414 925 1573 994 specierum,
1596 931 1626 978 et
1639 920 1761 977 utilitatis
1783 918 1992 987 uniuscujusque

324 1029 330 1040 ¹
369 1034 495 1081 tractatur
506 1023 539 1079 de
551 1025 635 1094 primo
658 1019 772 1092 capitulo
786 1019 806 1072 ¹.
831 1016 928 1089 incipit
947 1017 980 1072 de
1000 1017 1123 1072 secundo.
1206 1032 1299 1072 earum
1321 1016 1419 1071 diuinis
1435 1013 1626 1090 laudatoribus,
1637 1012 1755 1097 Q
1768 1009 1820 1074 bis,
1843 1009 1890 1079 qui
1905 1009 1994 1063 divina

637 1141 835 1211 omum„
851 1150 874 1206 n
1206 1115 1308 1163 canunt
1333 1105 1462 1160 interiore
1482 1113 1510 1160 et
1524 1104 1659 1159 exteriore
1672 1101 1759 1162 laude.
1782 1099 1994 1170 speculationem

369 1227 377 1234 ·
1207 1205 1404 1266 consequenter
1423 1185 1529 1265 oportet
1539 1194 1669 1249 caelestes
1700 1191 1848 1247 ierarchias
1872 1189 1993 1254 laudare,

404 1287 520 1345 &cundi
542 1283 654 1356 capituli
671 1282 846 1360 loigpapqw
865 1289 908 1338 est
925 1296 933 1336 t
949 1280 1079 1348 Quoniam
1099 1281 1157 1350 pul·

1208 1286 1359 1358 glorillcare
1378 1284 1501 1340 videlicet
1524 1291 1552 1338 et
1571 1278 1830 1353 praedicaminum
1855 1293 1906 1333 sua
1931 1280 1959 1331 in
1974 1275 1995 1311 ¹¹

368 1379 429 1433 cirre
450 1376 538 1431 diuina
553 1384 577 1428 rt
600 1371 721 1428 coelestia
735 1372 814 1427 etlam
825 1388 871 1444 per
885 1370 1023 1427 dissimilia
1040 1372 1156 1441 agminia
1208 1379 1306 1434 divinis
1318 1377 1432 1448 eloquiis
1454 1373 1585 1446 symbola,
1604 1386 1651 1443 per
1676 1386 1755 1444 quae,
1779 1370 1906 1442 quamvis
1919 1370 1997 1425 cliui.

366 1467 581 1537 manifestantur.
602 1463 709 1530 Divina,
729 1465 827 1535 inquit,
846 1472 875 1520 et
883 1463 1019 1526 caelestia,
1034 1464 1087 1518 boc
1104 1470 1156 1522 est,

1209 1470 1282 1526 milia
1297 1470 1361 1534 sint,
1386 1467 1464 1528 uobis
1486 1466 1700 1522 manilestantur.
1721 1462 1997 1534 domoquenterque¹¹

365 1559 502 1616 “elerici
525 1558 649 1620 viriumr
674 1555 765 1629 [lillis]
787 1556 798 1588 ⁸
821 1555 935 1627 theologi
959 1553 985 1609 in
1011 1537 1158 1609 iffi·
1208 1561 1249 1615 lria
1265 1558 1501 1630 dicere,qualilrua
1515 1559 1608 1612 diuinis
1621 1556 1820 1626 formationibus
1834 1554 1998 1621 melectmfi·

368 1653 438 1709 dunt
451 1650 610 1714 ierarchias,
634 1650 705 1705 sicut
718 1650 744 1704 in
758 1662 884 1718 processu
897 1647 1050 1718 praesentis
1067 1646 1157 1715 operis
1209 1660 1304 1719 qurum
1313 1649 1417 1703 ordiner
1427 1648 1589 1717 eloquiorum
1598 1661 1689 1701 sacrae
1696 1645 1879 1715 descriptiones
1888 1642 1922 1696 ¹¹.
1933 1642 1997 1697 bum

370 1740 571 1806 declarabitur,
586 1738 697 1810 pulchre
724 1753 772 1809 per
792 1736 932 1808 symbola,
953 1736 1076 1806 quamuis
1089 1735 1129 1789 eis
1146 1736 1157 1765 ¹
1209 1739 1296 1805 baec,
1310 1738 1408 1809 inquit,
1419 1753 1488 1808 quae
1501 1737 1694 1809 praediximus,
1704 1735 1877 1805 musaquenti
1891 1742 1999 1790 ῃιωη.

366 1815 510 1887 dissimilia
525 1830 589 1895 sint,
609 1827 816 1885 manifestantur
829 1826 907 1882 nobis
920 1836 947 1881 ct
961 1824 1155 1896 significantur.
1210 1828 1283 1898 lique
1306 1827 1401 1883 ordine
1428 1824 1527 1882 luerint
1552 1825 1739 1890 considerata,
1760 1832 1867 1894 oportet
1888 1824 1996 1886 dicere,

365 1919 590 2002 Nulla-siqu——irleru
612 1916 744 1972 serasibilis
764 1916 867 1987 species
884 1922 944 1976 est,
968 1914 1158 1984 qnaeomniao
1173 1920 1196 1981 Β
1210 1919 1304 1990 quales
1321 1918 1427 1973 diuinas
1450 1917 1625 1973 formationes
1652 1924 1806 1971 sanctorum
1830 1914 1996 1985 eloquiorum

361 2009 578 2082 intelligibilium
605 2005 807 2062 similitudinem
845 2013 1013 2076 assequatur.
1046 2003 1161 2076 Longe¹

369 2102 441 2157 enim
463 2116 479 2154 a
501 2115 530 2155 se
552 2098 717 2168 discrepant,
743 2104 771 2152 et
793 2096 899 2166 penitus
924 2094 1065 2151 dissimilia
1086 2101 1158 2161 sunt,

363 2205 440 2261 ,quae
454 2205 534 2246 sensu
550 2200 681 2259 corporeo
706 2184 892 2250 extrinsecus,
906 2184 948 2239 rel
962 2199 1032 2254 quae
1047 2184 1057 2216 ¹
1071 2184 1158 2254 phan-

361 2283 462 2338 ¹tasticc
495 2280 610 2337 interius
640 2285 941 2357 apparent,Q
960 2276 1079 2332 visiones
1104 2277 1160 2331 sire

369 2371 593 2440 sompniantium,
614 2383 661 2424 seu
684 2367 947 2431 mentlsexcessum,
968 2380 1049 2435 quem
1065 2364 1160 2419 Graeci

372 2461 519 2518 ἔκστασιν*
542 2469 660 2523 vocant,
685 2458 845 2529 patientium
869 2459 896 2512 in
920 2456 1025 2527 spiritu,
1052 2465 1082 2511 et
1103 2456 1161 2511 ea¹

370 2565 440 2621 quac
453 2565 521 2621 puro
534 2557 562 2604 et
584 2548 678 2603 intimo
702 2548 800 2602 mentis
821 2546 956 2610 contuitu,
982 2544 1055 2601 nulla
1077 2546 1162 2616 phan-

306 2671 310 2676 ·
372 2641 441 2695 tasia
455 2653 503 2695 seu
529 2636 647 2694 sensibili
672 2635 762 2707 specie
785 2634 955 2705 interposita,
977 2648 1026 2705 per
1051 2649 1081 2688 se
1105 2635 1161 2704 ipsa

371 2727 707 2807 intelliguntur.fflpgo
725 2727 853 2797 quoniam
871 2734 964 2783 noster
985 2727 1113 2794 animus,
1132 2736 1163 2782 ut

371 2820 506 2893 superiori
519 2819 636 2889 capitulo
650 2817 751 2875 dictum
771 2827 823 2881 est,
851 2819 884 2874 ad
905 2819 990 2890 ipsam
1015 2816 1161 2874 intimam¹

361 2911 582 2985 ¹intelligibilium
603 2925 694 2967 rerum
715 2908 925 2982 speculationem
945 2925 999 2966 non
1022 2911 1160 2977 continuo,

372 3004 444 3059 nulla
458 3003 594 3059 mediante
608 3002 816 3074 intercapedine,
831 3011 920 3074 potest
932 3002 1089 3069 ascendere,
1100 3002 1161 3074 pul-

372 3096 437 3151 chre
457 3094 545 3150 divina
559 3091 731 3148 Pmridentia
746 3092 885 3150 dissimilia
902 3093 1023 3164 symbola
1044 3095 1163 3164 interpo-

1213 2025 1306 2067 sacrae
1320 2011 1513 2082 dmcriptiones
1529 2008 1564 2074 ¹¹,
1577 2009 1713 2092 le
1736 2015 1829 2064 sancta
1852 2005 1999 2063 iormarnn

1212 2101 1370 2158 assimilatio
1384 2103 1417 2157 ad
1440 2101 1570 2158 caelestes
1592 2102 1702 2157 ordines
1721 2098 1914 2171 significandos
1935 2097 1999 2167 dgr-

1212 2200 1367 2261 cantatque
1379 2190 1559 2258 conformant,
1572 2200 1662 2245 utrum
1676 2188 1814 2247 absolutae
1827 2189 1884 2245 sint
1898 2198 1954 2244 eta
1971 2202 1998 2245 ue

1213 2280 1328 2337 invicem
1356 2283 1525 2337 naturalibus
1548 2280 1707 2338 differentiis
1736 2279 1882 2342 discretae,
1906 2289 1936 2334 ut
1959 2286 1998 2336 est

1213 2372 1330 2427 hominis
1341 2372 1454 2443 eidgies,
1469 2386 1516 2427 seu
1531 2370 1626 2434 leonis,
1645 2385 1692 2425 seu
1706 2369 1822 2441 aquilae,
1837 2384 1873 2423 an
1888 2368 1997 2424 dirersis

1212 2461 1374 2517 naturalium
1399 2477 1490 2518 rerum
1515 2463 1741 2533 imaginibusuna
1762 2461 1896 2532 quaedam
1918 2461 1996 2516 mixta

1213 2561 1242 2607 et
1250 2552 1396 2622 composita
1409 2552 1565 2624 imaginatio
1579 2552 1614 2607 sit
1625 2552 1658 2615 ¹¹,
1674 2561 1703 2606 ut
1715 2560 1774 2607 mta
1787 2552 1813 2606 in
1828 2561 1901 2617 mta,
1917 2551 1996 2605 mixta

1213 2657 1319 2713 quoque
1333 2650 1449 2712 quatuor
1471 2641 1609 2708 arrimalia,
1624 2642 1676 2697 sibi
1699 2641 1814 2697 inuicem
1837 2642 1864 2696 in
1892 2639 1996 2711 singulis

1213 2747 1345 2788 connexa.
1362 2733 1515 2803 Sequitur:
1539 2741 1564 2786 et
1580 2731 1614 2786 cd
1628 2730 1731 2800 qualem
1746 2740 1846 2800 oportet
1863 2731 1996 2785 cuceudrm

1212 2839 1259 2894 prr
1277 2805 1526 2891 sommum
1545 2822 1581 2886 ¹¹,
1601 2820 1675 2875 uelut
1693 2820 1885 2890 ”expressius
1910 2829 1995 2875 trans-

1213 2909 1278 2969 ferri
1291 2919 1382 2982 potcst
1401 2926 1471 2982 :per
1483 2911 1610 2982 figmenta
1630 2910 1657 2965 iu
1681 2925 1734 2966 non
1750 2908 1912 2981 meritum.
1926 2908 1997 2964 Gon-

1212 3019 1328 3076 sequens
1342 3013 1392 3067 est,
1408 3004 1505 3074 inquit,
1526 3003 1627 3066 dicere,
1643 3003 1676 3058 ad
1686 3001 1794 3073 qualem
1809 3011 1838 3057 et
1855 3016 1931 3072 quam
1944 3015 1995 3071 pu·

1214 3112 1271 3153 ram
1291 3103 1320 3151 ct
1354 3096 1487 3150 sinceram
1513 3094 1719 3166 intelligibilium
1745 3109 1835 3149 rerum
1861 3094 1995 3148 reriutem

373 3185 437 3247 suit,
446 3181 549 3254 ⁴similla
562 3183 669 3252 quidem
688 3181 765 3238 uubis
781 3183 869 3239 adbuc
881 3183 1018 3253 corporeis
1039 3184 1162 3239 sensibus
1212 3189 1287 3244 nunni
1312 3187 1440 3259 figmento
1459 3193 1595 3242 carentem
1617 3193 1724 3257 oportet
1749 3200 1798 3241 nos
1819 3171 1995 3240 decernentis

374 3275 499 3338 detentis,
507 3274 646 3332 dissimilia
655 3274 799 3346 recopuris
807 3272 996 3340 intellectibus,
1005 3273 1160 3343 adquorum
1175 3269 1197 3333 C
1212 3280 1334 3337 contuitu
1353 3279 1508 3335 ascendere.
1533 3278 1567 3334 iit
1587 3292 1640 3349 qua
1667 3276 1772 3334 ratione
1793 3276 1923 3333 debemus
1945 3285 1992 3331 tau

357 3365 626 3437 ‚murtemplationcm
643 3365 748 3437 perillo
762 3372 855 3420 noster
872 3363 980 3418 ducitur
996 3362 1159 3421 intellectus.
1213 3372 1265 3427 alle
1303 3370 1467 3427 ascemlerel
1543 3342 1774 3425 nim.
1799 3378 1824 3423 ιι
1848 3384 1895 3424 me
1914 3369 1993 3423 m

355 3500 360 3513 .
410 3455 470 3528 ll.
487 3452 593 3526 Oportet
609 3455 699 3525 igitur,
713 3462 742 3508 ut
756 3453 874 3519 aestimo,
897 3453 1161 3523 primumerpcnere,
1212 3460 1290 3517 modo
1307 3460 1373 3516 uelut
1387 3460 1476 3516 multis
1489 3460 1512 3491 ¹¹
1525 3459 1659 3514 immunde
1682 3458 1860 3515 eaiutimeem
1880 3456 1993 3514 cedrum

374 3565 453 3618 quom
476 3546 580 3619 quidem
605 3544 886 3621 emrlaperulatr'onem
911 3546 996 3600 omnir
1017 3547 1163 3601 ierarchice
1212 3559 1237 3606 et
1246 3550 1386 3619 deformer
1397 3551 1499 3606 caimos
1509 3549 1662 3621 multipedes
1671 3549 1994 3621 memoriammemio-

374 3640 553 3695 oertimomua.
566 3638 624 3695 hloc
634 3646 676 3694 est
688 3657 695 3693 ε
706 3638 772 3694 ordo
785 3654 875 3695 cerum
886 3638 982 3710 erigit,
993 3647 1022 3693 ut
1034 3639 1161 3706 arbitror,
1214 3641 1407 3705 rnmrrultnnnr,
1417 3650 1442 3695 et
1454 3641 1488 3695 ad
1498 3640 1575 3696 boum
1584 3639 1849 3711 pecudalitatem,cut
1857 3641 1893 3696 ud
1900 3641 1992 3696 terma

355 3788 359 3797 ,
374 3729 532 3801 priusquam
546 3717 796 3800 adeiqn‘osltionem
814 3728 835 3761 ¹¹
848 3729 1016 3786 dissimilium
1033 3729 1164 3802 symbolo
1213 3729 1345 3785 bestialem
1357 3730 1570 3800 imaginationem
1581 3729 1708 3799 famulor
1719 3729 1754 3795 ¹¹,
1765 3739 1790 3784 et
1803 3730 1839 3784 ad
1853 3729 1992 3801 aquilarum

376 3834 449 3885 aum,
464 3834 513 3889 per
526 3834 596 3890 quae
609 3818 642 3874 ad
654 3833 750 3889 pamm
763 3819 919 3875 caelestium
940 3819 1068 3875 uirtutum
1083 3820 1164 3875 nisio·
1214 3835 1291 3874 carro
1312 3828 1396 3875 rostro
1418 3819 1548 3889 speciem,
1563 3830 1610 3874 out
1631 3818 1667 3873 ad
1688 3818 1834 3875 volatilium
1846 3819 1990 3891 tripertita

375 3922 439 3965 ιιιιι
463 3908 568 3962 animus
592 3906 789 3972 introducitur,
816 3907 955 3963 veniamus
979 3907 1025 3973 ¹¹,
1047 3908 1163 3979 primum
1213 3911 1316 3966 alarum
1334 3910 1531 3965 commotionem
1556 3908 1718 3980 effiguratos.
1748 3909 1943 4002 Qum,
1959 3907 1993 3962 io·

376 3997 531 4066 explanare,
544 3997 652 4068 qualem
675 3998 902 4070 speculationem,
929 3999 1034 4066 idest,
1058 4001 1163 4070 qualem
1215 4000 1283 4074 quit,
1298 3997 1700 4085 Qdmonel¹⁸‚ultra
1726 3998 1992 4072 omnespropbeticar

377 4084 565 4144 munitionem
587 4088 739 4159 judicamus
760 4105 821 4147 esse
842 4076 1112 4156 oannffieffircmao,
1136 4092 1164 4148 id
1215 4089 1332 4146 visiones
1356 4097 1383 4145 et
1403 4087 1579 4144 formationes
1602 4088 1699 4144 mentis
1718 4088 1840 4145 contuitu
1853 4086 1992 4159 supervoli-

357 4177 594 4251 &universalis
607 4178 765 4236 ierarchiae.
780 4180 828 4236 Est
840 4181 913 4236 enim
926 4179 1060 4251 generalis
1081 4150 1165 4236 ier?-
1216 4191 1285 4246 tare,
1299 4195 1333 4236 ne
1347 4187 1439 4236 etnos
1452 4181 1545 4236 eodem
1570 4180 1669 4246 modo,
1692 4180 1763 4236 sicut
1776 4179 1895 4236 etmulti
1909 4192 1993 4237 mma·

377 4267 449 4334 chia,
466 4282 549 4338 quam
561 4269 584 4301 ¹¹
596 4269 759 4341 generaliter
771 4279 878 4341 oportet
899 4271 1024 4338 deliniri,
1039 4272 1165 4343 quoniam
1216 4276 1278 4332 liter
1291 4273 1440 4346 spiritualia
1455 4274 1614 4345 cogitantes,
1639 4280 1667 4329 et
1679 4272 1750 4329 ultra
1765 4264 1816 4339 ea,
1840 4287 1908 4344 quae
1919 4283 1996 4327 scursa

376 4359 557 4416 subdividitur
567 4359 593 4415 in
604 4359 703 4445 multas
717 4361 875 4429 ierarchias,
887 4377 956 4432 quae
968 4362 1048 4419 ueluti
1063 4364 1166 4434 species
1215 4380 1346 4435 corporeo
1369 4364 1538 4435 percipiunt,
1560 4362 1627 4419 nihil
1651 4363 1673 4396 ¹¹
1697 4377 1759 4420 esse
1780 4361 1919 4419 immundis
1941 4360 1997 4417 suit

376 4452 462 4525 ipsius
483 4461 556 4517 sunt,
574 4467 690 4523 suasque
709 4453 839 4524 speciales
861 4452 1032 4511 definitiones
1054 4455 1088 4510 ab
1109 4455 1167 4510 lau·
1216 4453 1421 4526 cogitationibus
1435 4454 1458 4486 ¹¹
1473 4461 1609 4526 putantes,
1623 4453 1825 4520 existimemus,
1840 4450 1937 4510 similes
1947 4449 1995 4505 illis

378 4541 526 4597 datoribus.
543 4540 577 4597 Et
590 4541 614 4575 ¹¹
625 4542 688 4613 quid
700 4557 890 4613 unaquaeque,
913 4542 1018 4613 species
1034 4541 1167 4612 generalis
1218 4544 1294 4609 iacti,
1311 4542 1443 4599 caelestes
1463 4551 1491 4598 et
1515 4542 1659 4598 deilormes
1673 4541 1855 4610 angelicamm
1875 4541 1993 4596 virtutum

378 4631 538 4696 ierarchiae,
555 4631 649 4686 diuinis
675 4631 731 4686 ruia
755 4632 854 4703 proluit
883 4632 905 4665 ¹¹
930 4632 1113 4688 laudatoribus
1134 4633 1169 4701 ¹¹,
1185 4621 1334 4699 Danimos,
1349 4632 1480 4704 quosdam
1505 4631 1614 4709 (pridem
1636 4629 1735 4687 multus
1751 4631 1834 4701 pedes
1847 4627 1995 4686 naturaliter

375 4719 432 4775 boc
454 4727 504 4780 est,
532 4719 638 4788 qualem
659 4728 827 4790 etquantam
849 4721 1076 4792 pulchritudinem
1099 4738 1168 4780 cen·
1221 4723 1340 4789 babere,
1368 4723 1430 4779 dum
1457 4722 1641 4778 membrorum
1675 4735 1804 4793 compage
1825 4717 1994 4793 corporalium

352 4778 509 4876 milui,
522 4811 568 4879 qui
579 4825 628 4882 per
649 4826 710 4867 eam
723 4821 751 4868 et
775 4814 803 4868 in
826 4827 859 4869 ea
869 4816 872 4823 '
882 4814 986 4870 divinas
1007 4815 1103 4873 laudes
1115 4815 1170 4871 ire·
1221 4815 1332 4871 omnino
1346 4820 1447 4876 carent,
1467 4812 1599 4882 quosdam
1612 4824 1676 4893 sero
1690 4810 1788 4867 multas
1803 4810 1906 4882 species
1925 4803 1994 4864 unul

1025 4942 1154 5000 inumb
1170 4941 1371 5001 tuditanus.

420 5051 562 5123 ¹ccpitulo
583 5068 637 5109 om.
666 5053 703 5120 B;
729 5052 776 5108 Β·
805 5069 891 5125 marg.
918 5054 1007 5111 adscr.
1031 5056 1117 5112 titulo.
1172 5058 1231 5114 ’B‘
1258 5072 1345 5128 marg.
1371 5055 1459 5111 adser.
1487 5071 1535 5127 epp
1553 5071 1626 5111 ramo
1651 5065 1688 5110 eat
1717 5054 1735 5109 i.
1759 5070 1784 5109 e.
1809 5053 1995 5123 uupmrriptio·

384 5125 480 5207 ’'qurr
495 5136 550 5178 orn.
568 5120 651 5189 ABG,
670 5122 759 5179 addidi
780 5138 815 5179 ex
837 5125 908 5180 coni.
961 5123 1068 5180 ¹Beo,
1124 5126 1192 5182 'B'
1217 5144 1302 5198 marg.
1317 5126 1405 5182 adscn
1429 5124 1512 5180 Notat
1532 5071 1575 5179 xic
1597 5123 1787 5179 distinctionem
1801 5122 1909 5193 triplicia
1929 5123 1998 5177 riae

383 5211 433 5251 era.
476 5191 568 5246 ¹13·
582 5208 641 5249 mar
661 5191 771 5248 .adscr.
786 5203 848 5249 nota
865 5194 935 5265 quod
954 5195 1055 5249 ectasin
1075 5207 1147 5252 occat
1170 5196 1337 5268 fantasticum
1361 5195 1495 5253 sirionem.
1544 5193 1618 5248 *ab
1634 5195 1744 5259 iieuoeu,
1759 5192 1800 5249 Β·
1816 5207 1860 5247 ma
1894 5191 1998 5249 ,adsen

384 5263 603 5344 deseramne,
673 5272 798 5334 ectaepm.
837 5262 901 5346 ,ffb
923 5266 931 5287 ·
952 5279 1039 5335 marg.
1066 5264 1154 5321 adscr.
1181 5266 1264 5323 Notat
1287 5266 1320 5321 de
1351 5266 1427 5320 tertio
1449 5280 1541 5335 penem
1559 5263 1675 5318 cirionis.
1725 5260 1802 5318 ¹Sic
1820 5260 1852 5328 C,
1903 5260 2000 5343 bieti-

384 5349 465 5389 mum.
519 5330 541 5364 ¹¹
561 5330 607 5388 Src
631 5330 663 5398 C,
686 5330 731 5387 ΑΒ
819 5344 954 5390 auronum.
1027 5335 1049 5366 ¹¹
1066 5333 1164 5407 Cani,
1187 5335 1254 5391 ABG
1278 5336 1421 5389 humanus.
1482 5333 1504 5366 ¹¹
1529 5333 1607 5387 Cora.
1628 5331 1797 5396 u··,·ttbc
1809 5347 1869 5402 gur.
1921 5329 2001 5385 ”Sec

384 5411 452 5473 reat.
476 5415 565 5472 graec.
587 5409 615 5456 et
633 5398 785 5469 uersimh
831 5403 911 5471 mem,
936 5403 957 5460 C
978 5405 997 5458 ι’.
1021 5421 1045 5460 e.
1129 5406 1152 5437 ¹¹
1181 5403 1433 5477 protoflamen,
1458 5403 1600 5474 admarg.
1624 5401 1800 5458 adacr.B·¹
1878 5399 2001 5472 ¹·qu

385 5473 437 5527 cira
451 5472 533 5543 ipriua
554 5470 680 5542 jeneralia
704 5472 830 5527 ierarchie
847 5473 935 5528 diuina
965 5474 1064 5544 proluit
1083 5473 1274 5530 laudatoribus.
1328 5473 1350 5505 ¹¹
1369 5473 1415 5529 Sic
1436 5471 1469 5537 C,
1492 5472 1513 5527 t
1537 5473 1748 5543 frequentantur,
1771 5470 2002 5543 Birequrntcrrtup

387 5538 786 5613 (punctadieovideturii').
825 5541 1066 5609 ¹¹,SicC,inom.
1094 5543 1404 5616 AB,supraadscr.B‘.
1443 5542 1466 5575 ¹¹
1482 5541 1590 5598 Becare
1640 5541 1735 5607 ntihca,
1753 5541 1811 5595 rad.
1829 5556 1899 5596 corr.
1919 5558 2003 5596 coere-

388 5620 555 5683 quenterque,
573 5610 619 5667 AC
641 5611 856 5684 concoquentihus
908 5650 915 5666 .
966 5611 989 5645 ¹¹
1008 5614 1030 5668 h
1049 5613 1090 5667 dir
1110 5616 1252 5677 ositiones,
1270 5612 1291 5669 C
1309 5612 1508 5684 dereripclones.
1547 5611 1570 5643 ¹¹
1623 5612 1783 5682 eloquiorum
1796 5620 1948 5665 samiorum
1962 5614 2003 5666 dr·

388 5695 415 5732 ae
433 5682 439 5693 “
457 5680 539 5736 tiones
553 5697 653 5737 caerae.
668 5682 721 5738 Pro
745 5698 838 5736 sacrae
866 5682 1041 5752 coemptiones.
1056 5632 1108 5738 Αέ
1126 5682 1361 5752 sacradeacriptic.
1410 5683 1432 5714 ¹¹
1451 5681 1526 5751 dfit.
1577 5681 1599 5712 ¹¹
1615 5680 1665 5759 Sic¹
1679 5680 1756 5744 CB'.
1779 5680 1824 5736 ab
1846 5683 2002 5736 numerarent.

388 5747 412 5829 ’ξ
453 5747 582 5816 liaelud,
602 5750 685 5807 sicii
722 5751 813 5807 assim.
862 5750 887 5819 ¹¹
904 5751 1001 5815 [irad.
1027 5768 1098 5809 corr.
1121 5754 1207 5807 multi.
1266 5752 1290 5784 ¹¹
1306 5751 1384 5807 Corr.
1409 5750 1468 5814 u·,
1488 5751 1533 5806 ab
1554 5750 1689 5820 [amator.
1752 5751 1776 5783 ¹¹
1800 5748 1846 5806 ab
1866 5764 2003 5819 ammonet,

388 5830 429 5872 stc
447 5830 561 5890 searper.
599 5821 621 5855 ¹¹
640 5819 663 5875 b
685 5820 775 5889 metrii,
803 5822 843 5879 sic
865 5821 974 5891 ubique.
1011 5821 1035 5853 ¹¹
1055 5820 1101 5878 Sic
1126 5822 1157 5887 C,
1171 5821 1270 5879 etrad.
1285 5837 1356 5879 corr.
1371 5821 1416 5888 8⁶,
1433 5820 1479 5877 ab
1495 5821 1671 5886 conlationes.
