4167 6625
409 425 461 481 ars
1096 416 1355 483 intumescunt
1963 436 1995 492 ur

410 540 439 595 iu
464 538 538 595 nullo
551 538 651 609 quippe
668 537 740 594 hono
760 549 843 594 causa
854 536 918 592 maii
939 535 1126 594 consumenda
1146 547 1199 596 est.
1212 545 1239 607 Α
1252 538 1334 597 totius
1348 539 1484 598 sensibilis
1496 545 1651 598 cresurrae
1660 534 1862 596 iormcsltatenn
1875 541 1932 610 doti
1941 549 1995 611 its,

412 628 539 693 Proinde,
559 627 583 682 si
601 626 704 683 nubum
723 634 863 697 peccatum
875 640 910 682 en
932 626 1100 683 naturalibus
1113 627 1201 684 oritur
1250 633 1285 691 dc
1297 632 1427 690 extremis
1443 631 1521 688 bonis
1544 628 1750 687 scissibilibusi
1771 627 1859 688 llonne
1875 631 1996 700 lauderis

412 719 511 785 millib
534 716 728 789 (immitium,
749 715 821 771 “¹¹⁶⁰
841 716 946 787 lucetii
963 717 1143 773 occisionem·
1166 717 1202 772 El
1249 732 1311 789 est,
1340 722 1412 793 qnod
1429 721 1469 778 eis
1494 720 1561 778 boni
1590 720 1690 785 hene,
1716 718 1780 775 mali
1802 734 1861 777 ιειε
1877 724 1932 783 mle
1946 739 1995 786 ιε»,

411 814 435 869 si
457 812 519 883 quit
535 808 714 882 responderit,
735 809 807 880 quod
822 823 916 865 uerum
933 816 961 863 et
980 808 1129 866 verisimile
1147 816 1200 875 est.
1251 814 1316 871 turi
1336 812 1403 869 Boni
1422 812 1531 884 quidem
1550 811 1589 867 ad
1612 809 1726 865 laudem
1749 818 1777 865 ει
1796 812 1931 872 εειιίιιιιιιι
1944 819 1994 879 iure

413 903 651 976 probabilibusque
667 900 946 975 argumentationibus
959 901 1132 974 approbatur,
1147 915 1201 957 non
1251 919 1312 961 rum
1336 903 1457 960 omnium
1477 900 1633 974 largitoris,
1651 900 1719 956 mali
1743 916 1807 958 uero
1826 904 1858 959 ad
1874 907 1994 976 perium„

414 997 522 1053 aliunde
540 995 674 1067 originem
696 993 819 1053 ducrerel
837 1002 991 1066 ρεειιιιιιιιι,
1009 995 1113 1051 nisiex
1132 995 1203 1051 irra-
1251 993 1367 1065 impetus
1378 1008 1444 1051 suae
1452 1006 1605 1064 perversae
1617 991 1790 1062 cupiditatis.
1797 990 1889 1050 (Ξιιιειε
1896 1002 1992 1058 inimii-

412 1084 588 1143 donabilibus
601 1084 719 1143 motibus
735 1082 905 1140 rationabilis
922 1092 1047 1152 naturae,
1060 1083 1204 1140 abusione-
1250 1081 1992 1171 nuenbusionisatquepersersaeeopiditatis¹¹siqnbiu

412 1192 466 1250 que
487 1175 565 1232 liberi
590 1174 695 1231 arbitrii
716 1174 799 1239 bono,
822 1174 952 1230 contiuuo
971 1173 1107 1230 ridebitur
1133 1174 1203 1230 irra-
1251 1175 1382 1242 invenire,
1394 1173 1525 1233 sollicitus
1537 1183 1675 1246 quaerat
1693 1173 1850 1246 Egoautcm
1862 1190 1944 1236 semru
1951 1196 1992 1249 sn,

412 1265 551 1324 tinnabilis
568 1272 659 1321 motus
681 1264 854 1321 occasionem
880 1262 907 1318 in
930 1272 1027 1319 namra
1049 1261 1202 1319 rationabili
1252 1263 1993 1343 meunctanterperspiciens¹⁸,'quodmmoerspututreps

412 1359 578 1423 constituere
591 1355 748 1413 ’.ilelatirn
759 1354 891 1426 siquidem
903 1354 984 1410 modo
1011 1354 1022 1386 ⁸
1048 1353 1203 1410 aestimabi·
1252 1356 1437 1415 rire.litenim
1448 1357 1548 1413 malum
1560 1354 1774 1422 incausaleest,
1784 1355 1992 1417 undumeni:-

414 1463 457 1509 tnr
475 1449 666 1524 pronunciare,
685 1432 900 1505 irrationabilem
913 1455 1015 1503 motum
1035 1445 1204 1503 rationabilia
1252 1446 2000 1522 attonuereest,itaet¹⁸natnrallbusbonis¹¹uienue,

413 1555 526 1600 naturae
547 1557 618 1608 esse,
639 1542 753 1610 ideoque
773 1554 808 1595 es
830 1539 888 1609 ipsa
904 1537 1076 1594 occasionem
1093 1537 1202 1596 ducere·
1252 1539 1294 1595 sin
1307 1553 1341 1595 er
1355 1538 1427 1595 uuba
1441 1539 1559 1596 naturali
1572 1539 1707 1595 nascitur
1720 1538 1987 1608 causailocautubu,

413 1634 491 1704 Quod
505 1634 529 1690 si
540 1634 578 1690 ita
594 1638 647 1699 est,
661 1638 772 1702 cupetur
784 1627 964 1694 etiamlateri,
979 1627 1204 1685 irrationabilium
1252 1630 1361 1687 beatum
1382 1630 1539 1705 llionysinm
1559 1630 1769 1702 Areopagitam
1781 1629 1809 1685 in
1821 1629 1881 1686 lihm
1896 1631 1920 1687 dt
1933 1631 1990 1688 tirus

417 1736 539 1782 motuum
570 1738 666 1781 causus
691 1723 719 1778 in
745 1724 802 1779 ileo
828 1721 1009 1794 praenuntiabo
1035 1722 1058 1778 ⁸.
1077 1720 1145 1779 Nam
1180 1723 1204 1779 si
1252 1718 1423 1788 Nominibus,
1444 1731 1472 1778 et
1494 1721 1525 1778 S.
1547 1721 1704 1778 Aurelium
1729 1721 1895 1792 Augustinun
1916 1721 1992 1777 bibi

414 1822 503 1878 omnis
519 1818 651 1875 naturalis
668 1832 751 1874 causa
775 1816 945 1874 rationabilis
964 1824 1080 1873 naturae
1102 1816 1130 1873 in
1148 1815 1204 1872 lieo
1253 1810 1288 1866 de
1309 1811 1395 1868 libero
1420 1811 1542 1868 Arbitrio
1569 1826 1712 1883 sequeus.
1748 1809 1862 1867 Stultum
1883 1810 1991 1882 qnippest,

413 1904 962 1979 substitutacst,uecessario‚quioquid'ad
974 1904 1206 1970 eamrelertur,ad
1220 1900 1244 1962 B
1258 1914 1351 1957 conum
1370 1916 1468 1958 causas
1493 1917 1646 1973 quaerere,
1676 1914 1752 1971 quae
1771 1899 1840 1956 nullo
1859 1914 1940 1971 qenes,
1952 1900 1990 1955 nh

414 2016 524 2058 causam
537 1997 749 2068 eiusreieretur.
763 1994 811 2052 Sin
831 2005 921 2051 autem
936 2008 1000 2051 nera
1013 1995 1084 2050 ratio
1097 1994 1204 2050 irratio·
1255 1993 1341 2050 iorma
1363 1993 1406 2050 vel
1421 1994 1521 2066 speeie,
1541 1994 1622 2051 nullo
1647 2008 1770 2050 numero
1793 1993 1916 2058 bonerum,
1931 2007 1992 2063 quea

412 2093 529 2151 nabilem
545 2100 647 2146 motum
663 2103 715 2143 non
730 2086 844 2143 relativo
865 2086 946 2143 modo
962 2085 997 2142 ad
1015 2085 1204 2143 rationabilem
1255 2100 1362 2142 summo
1383 2085 1454 2142 bone
1468 2093 1496 2143 et
1506 2085 1656 2143 conditore
1681 2084 1807 2140 omnium
1818 2091 1843 2140 et
1857 2082 1942 2138 lauret
1952 2084 1991 2136 ui

412 2194 540 2243 naturam
550 2182 656 2249 relerri,
669 2180 717 2238 seu
727 2179 866 2237 omniane
880 2179 1019 2236 contrario
1030 2181 1128 2251 opponi
1142 2194 1205 2251 pro·
1255 2187 1320 2234 nata
1334 2183 1409 2244 snut,
1427 2178 1619 2245 continentur,
1643 2175 1783 2249 quoniam
1799 2174 1893 2246 penitus
1909 2171 1991 2229 ineunt

412 2278 500 2333 tendit
514 2281 536 2342 ¹,
550 2271 778 2346 quemadmodum
800 2270 985 2326 irrationabile
1005 2270 1143 2337 rationali,
1163 2286 1206 2326 re·
1255 2277 1283 2326 et
1297 2268 1505 2324 insubstantiale
1518 2276 1561 2324 est
1578 2282 1680 2332 omne,
1698 2265 1774 2338 quod
1792 2265 1825 2321 ab
1839 2279 1868 2319 eu
1882 2262 1953 2318 lacon
1965 2276 1991 2314 aa

412 2367 544 2438 linquitur
558 2366 592 2421 ad
611 2362 824 2435 inquisitionem,
844 2362 917 2416 unde
935 2361 1017 2432 igitur
1036 2360 1082 2417 ille
1098 2361 1207 2417 irratio·
1256 2366 1308 2414 est
1323 2356 1393 2414 ilinc
1412 2357 1479 2413 mibi
1496 2357 1630 2413 videntur
1653 2355 1763 2413 rectius
1784 2367 1866 2410 rerunt
1879 2351 1992 2422 popum

414 2459 512 2515 nabilis
535 2466 635 2523 motus,
660 2456 688 2509 in
712 2469 766 2524 quo
786 2467 869 2508 cansa
892 2454 997 2523 peccati
1020 2454 1205 2522 constituitur,
1256 2450 1440 2516 musiderare,
1454 2449 1500 2521 qui
1517 2449 1627 2517 dieunt,
1644 2448 1824 2505 libidinosum
1838 2446 1992 2517 appetituum

414 2548 547 2621 originem
567 2538 659 2602 du'citi
676 2544 736 2612 Quo
759 2544 787 2598 in
808 2542 868 2599 loco
890 2541 957 2598 nibil
977 2542 1049 2599 aliud
1068 2543 1206 2599 uerisimi·
1257 2556 1347 2600 autem
1359 2542 1458 2599 malam
1470 2541 1645 2599 volumnum
1662 2540 1855 2613 suppliciorum
1866 2550 1945 2593 munau
1953 2548 1990 2593 esu.

414 2638 467 2695 lius
480 2636 595 2702 occurit,
613 2634 641 2691 in
658 2650 711 2704 quo
722 2648 805 2690 causa
820 2633 1014 2690 irrationabilis
1026 2642 1115 2691 motus
1126 2634 1206 2691 intel-
1257 2650 1292 2691 nc
1305 2635 1515 2705 quisexistimat
1529 2633 1601 2691 duas
1614 2633 1783 2690 voluntates
1802 2631 1828 2687 ln
1843 2644 1887 2685 nna
1900 2626 1992 2693 nunqu

414 2729 529 2801 ligatur,
564 2736 671 2798 praeter
702 2724 872 2782 naturalibus
899 2724 978 2782 hunis
1004 2724 1016 2757 ⁸
1046 2726 1205 2783 abusionem
1257 2735 1355 2787 natura
1369 2727 1577 2800 comprehendi,
1594 2726 1787 2811 neefflem
1803 2719 1992 2789 bomnlennu

415 2821 513 2880 divinis
529 2818 633 2892 legibus
649 2817 825 2888 prohibitam,
841 2816 912 2887 quod
927 2816 1067 2888 proprium
1081 2827 1124 2873 est
1144 2832 1207 2887 per·
1257 2818 1346 2885 mala,
1361 2819 1426 2875 dum
1439 2833 1493 2874 una
1503 2817 1635 2875 uoluntas
1650 2816 1821 2873 humanitati
1839 2813 1895 2871 inei
1910 2805 1994 2878 ullibi

414 2928 510 2970 versae
535 2920 565 2968 ει
581 2909 691 2967 illicitae
713 2906 869 2980 cupiditatis
890 2905 1103 2978 uniuscujusque
1128 2905 1207 2963 liberi
1258 2923 1340 2980 saepe
1367 2908 1394 2963 in
1418 2909 1502 2976 buno,
1525 2923 1609 2979 saepe
1633 2907 1664 2963 in
1688 2905 1766 2962 maio
1787 2902 1922 2973 accipiam:
1936 2892 1992 2947 ibide

415 3005 532 3071 arbitrii,
547 3003 619 3060 hono
634 3001 706 3059 orale
726 3001 837 3072 uentis.
852 2999 936 3071 Cuius
953 2998 1093 3056 abusionis
1114 3013 1207 3056 erem·
1258 3007 1349 3055 antem
1360 2999 1513 3076 ωε
1526 2998 1708 3055 naturalibos
1722 2996 1804 3053 bonis
1822 2989 1907 3049 omnim
1914 2980 1991 3042 udul'r

415 3097 458 3168 pla
484 3106 538 3153 tam
560 3094 616 3153 iate
639 3103 741 3166 patent,
759 3103 790 3150 ut
804 3093 894 3151 nulium
912 3092 999 3151 ierme
1018 3093 1065 3159 sit,
1088 3093 1135 3164 qui
1153 3107 1207 3150 non
1258 3097 1314 3157 tur,
1326 3089 1524 3165 summellam
1541 3097 1588 3145 aut
1599 3089 1650 3144 vix
1665 3096 1717 3145 aut
1729 3099 1863 3157 nunquam
1875 3081 1896 3135 iu
1908 3072 1992 3147 siusili)r

416 3188 475 3258 ipsa
493 3187 520 3241 lu
536 3186 625 3255 seipso
638 3185 773 3241 uberrime
792 3186 908 3254 probare
928 3183 1022 3254 possit.
1039 3181 1093 3238 Sed
1108 3189 1207 3238 notan·
1259 3179 1334 3234 tione
1356 3177 1420 3235 boni
1444 3177 1472 3233 in
1489 3177 1580 3234 diviua
1608 3175 1761 3246 Scriptura
1784 3170 1908 3243 reperitur,
1922 3161 1990 3217 lanu

416 3278 492 3343 duni,
507 3276 642 3332 nemiuem
661 3276 773 3332 summis
790 3284 904 3333 naturae
918 3283 1029 3332 nostrae
1045 3272 1124 3331 bonis
1135 3271 1207 3330 male
1220 3253 1244 3320 C
1258 3269 1364 3342 primos
1382 3268 1475 3336 bomo,
1490 3268 1518 3325 in
1540 3283 1595 3340 qun
1615 3282 1720 3326 omnes
1742 3267 1913 3338 peecaverunt
1925 3250 1989 3308 uide

416 3371 457 3426 uti
475 3368 575 3425 ualere.
596 3367 731 3423 Naturalis
751 3368 884 3437 siqnidem
905 3367 993 3423 uirtus
1009 3366 1138 3432 essentia,
1153 3366 1208 3420 rir-
1259 3362 1416 3420 dominandi
1429 3361 1487 3419 et¹⁴
1498 3377 1581 3432 super
1601 3362 1701 3418 omnia
1717 3356 1851 3417 exaltandi
1863 3350 1986 3419 munet

417 3473 474 3520 tute
494 3473 522 3519 et
542 3461 698 3533 operatione
720 3459 821 3515 nullum
844 3459 908 3516 sinit
931 3459 1015 3526 abuti,
1029 3459 1101 3516 sicut
1120 3472 1209 3530 neque
1260 3453 1744 3526 atquepeccaritsoadentediabelo
1761 3437 1989 3507 aciucmezbnt

416 3552 549 3626 sapientia
561 3560 589 3607 et
598 3550 733 3606 intellectu
747 3559 776 3608 et
784 3549 901 3615 ratione,
913 3550 1041 3621 quoniam
1052 3549 1120 3606 baec
1134 3558 1207 3616 sunt,
1260 3565 1360 3619 cunque
1383 3548 1426 3604 tie
1447 3548 1611 3604 commeritis
1644 3563 1680 3604 en
1702 3563 1756 3612 ee,
1779 3539 1899 3616 pmblbito
1915 3527 1987 3587 utum

417 3658 488 3715 qnae
502 3640 678 3712 principalem
695 3647 809 3696 naturae
823 3647 932 3696 nostrae
948 3638 1088 3710 possident
1104 3639 1207 3695 sedem.
1260 3640 1343 3712 liquo,
1357 3639 1509 3711 aperientur
1524 3639 1595 3695 oceli
1605 3638 1702 3706 omri,
1718 3647 1744 3693 et
1757 3636 1827 3692 eritis
1838 3619 1988 3715 molimine

418 3735 514 3792 llcdiis
526 3742 617 3790 autem
631 3741 746 3789 naturae
759 3731 848 3798 bonis,
859 3740 891 3787 ιιι
902 3739 945 3788 est
956 3729 1094 3802 ingenium
1107 3739 1136 3788 et
1149 3745 1211 3788 sen·
1261 3740 1299 3787 ter
1311 3732 1406 3787 ieram
1424 3739 1448 3787 et
1469 3729 1579 3786 maium.
1600 3728 1624 3787 0
1647 3738 1756 3802 quanta
1769 3724 1848 3783 libido
1863 3710 1987 3787 ,umbus

418 3842 466 3884 sus
480 3825 612 3898 corporis,
623 3833 651 3880 et
671 3824 731 3895 ipsu
747 3835 860 3892 corpore
880 3819 1064 3892 extremisque
1078 3820 1166 3887 bonis,
1180 3829 1211 3878 ut
1261 3825 1308 3882 illo
1323 3834 1394 3892 erat,
1413 3823 1460 3895 qui
1474 3838 1522 3879 sua
1543 3823 1648 3880 uirtute
1670 3824 1746 3880 neus
1764 3832 1823 3876 esse
1840 3796 1987 3895 copulabit·

418 3926 483 3975 suni
501 3931 544 3984 ea,
556 3930 626 3989 quae
639 3924 716 3972 extra
736 3928 786 3971 nus
800 3919 863 3970 sunt
884 3912 910 3968 in
935 3926 1026 3969 rerum
1040 3911 1210 3970 sensibilium
1261 3930 1325 3987 crgo
1345 3929 1511 3987 paganorum
1532 3914 1673 3986 impietas,
1687 3912 1732 3969 rel
1752 3908 1897 3967 iudaeorum
1910 3886 1986 3966 pellib

417 4009 561 4066 ordinibus
581 4008 738 4072 constituta,
763 4016 791 4063 et
803 4005 873 4062 benc
894 4006 934 4063 utl
954 4011 983 4061 el
1001 4004 1072 4062 male
1090 4013 1211 4079 potestas
1260 4007 1303 4065 uel
1316 4007 1430 4064 abarum
1443 4007 1582 4063 nationum
1596 4006 1725 4065 sabulosa
1741 4000 1931 4060 deliramentum
1940 3987 1986 4035 uu·

420 4099 510 4154 datur.
526 4095 664 4168 ingenium
682 4096 782 4168 quippe
799 4095 922 4152 naturale
939 4097 1040 4153 bonum
1056 4105 1109 4164 cst,
1124 4097 1211 4154 homi·
1261 4105 1363 4163 ratibus
1375 4104 1477 4169 musis,
1490 4102 1538 4160 sed
1551 4117 1586 4159 ex
1599 4100 1757 4158 libidinosis
1765 4085 1927 4167 cupidinibus
1935 4083 1985 4129 ’Μ’

420 4190 583 4260 nibusquca
600 4188 805 4246 lleodatumad
827 4190 1031 4260 cogitandalct
1049 4188 1211 4247 invenienda
1262 4213 1322 4253 rum
1352 4195 1545 4268 minationem
1577 4194 1755 4267 profluxere,
1779 4188 1881 4254 idemne
1903 4158 1985 4266 prdit

420 4279 497 4346 utilia
510 4288 539 4335 et
551 4278 676 4336 bonesta.
692 4278 750 4335 Et·
769 4286 857 4335 tamen
870 4293 1000 4350 perversa
1012 4279 1137 4337 uoluntas
1151 4280 1210 4338 ω’
1261 4304 1356 4346 eorum
1377 4295 1474 4344 natura
1495 4286 1636 4359 punietur,
1653 4284 1704 4344 sed
1726 4281 1815 4339 libido.
1835 4266 1910 4330 bonit
1923 4262 1985 4328 ‘llll‘

418 4373 550 4439 abutitur,
559 4385 694 4443 quaereus
706 4371 817 4429 nocivas
828 4371 1034 4441 etperniciosas
1043 4374 1210 4441 occasiones,
1261 4381 1338 4447 uitia,
1359 4395 1428 4451 quae
1445 4379 1592 4437 uirtutibus
1611 4374 1752 4435 contraria
1775 4374 1843 4432 sunt,
1862 4352 1985 4417 nonnulli

417 4463 516 4534 bulbul
536 4461 652 4532 ΰθῡίβῑθῑ
672 4469 699 4518 0¹
712 4461 807 4531 iiiiii
825 4474 893 4532 ll¹¹⁰⁵
914 4461 1037 4533 (¹0⁰5wa
1058 4470 1086 4519 et
1098 4464 1211 4534 uendere
1260 4483 1434 4540 corrumpere
1455 4477 1592 4540 appetunt,
1604 4465 1729 4539 generali
1745 4463 1766 4497 ¹⁷
1782 4451 1884 4515 libidinis
1897 4429 1984 4497 ¹⁰⁰²¹l¹¹⁰

418 4555 502 4626 cupit
513 4552 660 4612 Oculorum
674 4567 779 4619 senem,
791 4560 822 4609 ut
834 4553 868 4608 de
881 4553 979 4611 ceteris
998 4562 1114 4621 memor,
1129 4562 1210 4610 natu·
1261 4559 1350 4617 solent
1364 4559 1505 4632 appellari.
1518 4559 1687 4631 Turpissima
1703 4556 1793 4627 itaque
1806 4528 1982 4603 libidoitlliorum

417 4645 475 4702 rale
493 4646 595 4702 bonum
606 4653 660 4711 est,
671 4651 729 4701 cta
747 4644 803 4701 beo
817 4643 909 4700 datum
925 4644 959 4700 ad
971 4644 1120 4715 corporalis
1140 4643 1209 4702 lucis
1221 4633 1248 4695 D
1260 4651 1289 4708 pn
1314 4649 1443 4706 tetrorum
1470 4649 1586 4706 [tuorum
1617 4649 1713 4712 emto,
1733 4607 1982 4715 peridomnlli¹'¹''

418 4738 612 4810 receptionem,
633 4745 664 4792 ut
676 4751 726 4808 per
738 4750 799 4792 eam
815 4745 844 4792 ct
863 4734 892 4791 in
912 4751 945 4793 ea
959 4735 1100 4793 rationalis
1118 4736 1208 4793 anima
1261 4742 1390 4799 dacorum
1404 4739 1426 4773 ¹⁸
1441 4740 1469 4796 io
1492 4740 1635 4812 negatione
1646 4736 1780 4801 ueritatis,
1797 4721 1926 4811 insumul?
1936 4712 1980 4773 ⁸²³

418 4827 522 4884 formas
540 4836 568 4884 et
592 4828 698 4899 species
722 4841 903 4898 numcmsquc
925 4827 1091 4886 sensibilium
1117 4841 1208 4884 rernm
1261 4833 1329 4891 itum
1354 4834 1383 4889 tn
1409 4832 1560 4890 tabularum
1583 4831 1732 4889 ludibrium
1745 4826 1767 4861 ¹·
1792 4809 1940 4880 delimwl·
1959 4802 1978 4841 ¹²¹

418 4919 596 4984 discerneret,
603 4919 683 4990 inque
693 4919 782 4978 licitos
794 4935 858 4978 snos
869 4936 935 4978 usus
948 4935 982 4978 ex
994 4921 1034 4978 eis
1044 4922 1179 4994 acciperet
1186 4920 1209 4955 ¹⁹
1261 4924 1415 4981 vanioeimis
1435 4923 1585 4996 phantasiis
1606 4939 1713 4989 eornm,
1728 4930 1794 4992 quae
1814 4907 1858 4967 sibi
1871 4901 1931 4956 utun
1941 4883 1977 4938 ᾖ·

418 5024 514 5067 rerum
527 5009 645 5080 :etipse
657 5009 729 5067 maie
741 5013 898 5079 abutuntur,
913 5012 960 5084 qui
971 5012 1113 5070 libidinoso
1129 5027 1210 5085 appe·
1261 5025 1340 5088 guni,
1352 5017 1416 5073 dum
1434 5014 1500 5073 nibil
1513 5016 1540 5072 in
1558 5015 1598 5071 eis
1612 5014 1751 5073 invenient
1765 5008 1861 5078 praeter
1875 4985 1977 5047 W

419 5101 472 5158 tito
495 5099 642 5157 visibilium
660 5100 808 5157 iormarum
821 5102 1049 5173 pulchritudinem
1063 5111 1206 5175 appetunt,
1261 5107 1406 5164 hensihiles
1419 5107 1537 5173 umbras,
1549 5105 1690 5178 suppliciis
1707 5093 1854 5167 relinquitur
1868 5067 1973 5144 mocula

418 5195 491 5252 sieut
504 5193 543 5250 alt
556 5193 686 5251 llomlnus
700 5194 728 5250 in
750 5195 918 5266 Evangelio:
938 5193 991 5263 Qui
1008 5197 1102 5252 uiderit
1112 5195 1208 5252 mulie·
1261 5194 1438 5254 universitate
1446 5198 1771 5255 natumrnmubonomm
1782 5166 1945 5246 querquetum

418 5300 473 5340 rent
490 5285 525 5340 nd
539 5283 773 5357 concupiscendum
794 5302 864 5351 mm,
880 5283 941 5356 inm
959 5286 1209 5344 machanarath
1261 5287 1344 5345 allen
1357 5294 1465 5345 creatae
1478 5288 1595 5361 integra,
1607 5287 1771 5360 plenissima,
1783 5263 1927 5350 iffll⁰⁰⁵²²q⁸f
1934 5251 1975 5371 μζ

419 5376 497 5431 ‘ml‘
515 5391 576 5444 Μ.
598 5375 740 5433 mulierum
752 5373 878 5433 ridellum
896 5378 1033 5452 appellans
1046 5378 1209 5453 generaliter
1260 5386 1396 5435 manente.
1431 5378 1557 5436 ceterum
1586 5377 1717 5451 qenemtts
1749 5364 1854 5429 omniun
1959 5337 1982 5376 '‘

1067 5469 1197 5527 inulti:
1214 5467 1417 5527 nebulones

455 5555 523 5640 ἐει
536 5556 755 5638 malumne.
792 5557 864 5615 ’Sic
877 5558 935 5628 cr;
949 5560 972 5616 u
988 5569 1145 5618 comam.
1183 5559 1250 5617 ·su:
1263 5560 1317 5629 mn
1332 5560 1355 5617 a
1371 5559 1640 5631 salsissimum.
1677 5523 1970 5640 ·suet;l‚⁶⁰‘⁰„,lij

417 5639 535 5682 euim.
572 5626 644 5684 1sn
666 5628 726 5695 cr;
747 5628 927 5685 leontinae.
965 5628 1035 5686 ·sn:
1054 5628 1114 5698 em
1137 5631 1158 5685 n
1179 5629 1398 5687 mitratorum.
1435 5629 1511 5687 ἐει
1533 5630 1591 5693 εις
1612 5618 1818 5698 urrunnun·
1855 5598 1966 5714 ,Ἥ

418 5695 611 5753 ’becumen
635 5714 662 5769 p.
687 5715 714 5756 r.
738 5700 868 5756 abutitur.
906 5700 928 5733 ¹·
950 5698 1103 5769 sicum
1120 5701 1239 5766 acupha.
1277 5701 1336 5756 “A
1357 5702 1385 5756 in
1406 5700 1455 5756 eis.
1494 5702 1516 5734 u
1531 5702 1681 5768 cupiditatis
1702 5712 1754 5753 orn.
1771 5684 1816 5744 CF·
1847 5667 1966 5784 ‘Agma

419 5763 501 5820 elena
549 5767 680 5850 llcenom.
699 5769 731 5823 Α.
769 5770 828 5825 ”tl
843 5770 972 5827 naturalis
991 5771 1060 5826 boni.
1099 5772 1121 5806 ¹⁸
1131 5769 1174 5826 CF
1189 5786 1230 5825 oc.
1268 5769 1330 5825 ¹’ll
1355 5769 1520 5843 qenernliter.
1558 5772 1581 5807 ¹⁸
1599 5769 1791 5842 bperfiderttnt·
1823 5752 1840 5788 ¹'
1855 5733 1896 5796 Μ

420 5848 476 5890 οιιι.
491 5835 513 5891 h
565 5839 588 5870 ¹⁰
599 5837 713 5907 Suciil'3
728 5840 749 5894 tl
766 5839 894 5909 iubarum
908 5841 1055 5900 libidinum.
1091 5842 1113 5875 ¹¹
1128 5841 1334 5899 bmlurnlium.
1557 5852 1566 5861 ·“
