4167 6625
339 494 391 554 ets
1024 484 1165 544 ioannis
1183 483 1282 541 scoti
1923 480 1979 537 ΩΒ

341 618 464 665 nutrirem
489 621 598 678 semper
616 605 735 670 moveri,
756 601 929 675 quodetiam
953 602 1010 658 iere
1033 602 1234 671 omnesAqua
1255 600 1399 673 Dionysius
1419 599 1582 673 Areopagita
1602 600 1737 656 borotlreo
1760 599 1887 655 serium
1910 599 1977 654 ait:

341 698 424 755 diuitti
447 697 600 770 philosophi
624 695 791 767 approbant,
814 693 1002 750 incunctanter
1018 691 1128 758 asserit,
1182 688 1980 764 birinncatiqcminascessitiletanen¹¹‚iaq=dpatttaas

341 795 369 843 et
383 785 450 842 nibli
467 786 539 841 aliud
557 785 669 856 appetit,
692 784 745 840 nial
766 798 901 839 summum
920 782 1031 847 bonum,
1046 796 1061 835 a
1075 795 1131 852 quo
1181 782 1252 838 bens
1262 784 1361 839 dicim
1369 800 1379 850 ,·
1393 783 1456 839 dam
1469 780 1606 838 inuisibilis
1617 783 1702 837 eeistit
1714 781 1738 814 ¹⁸
1749 790 1862 854 prepter
1872 797 1979 851 ειμεε-

340 878 421 935 ueluti
447 878 579 950 principio
601 878 695 950 incipit
719 879 830 945 maren,
856 885 884 934 et
903 877 937 934 ed
952 876 1025 948 quod
1048 875 1130 933 ueluti
1181 875 1322 931 minentem
1336 875 1493 941 claritatem,
1507 887 1532 931 et
1547 874 1752 931 inaccessibilem
1767 873 1976 945 superaestim-

341 969 442 1026 ίιιιεειιΙ
460 977 563 1025 motura
582 983 660 1025 suum
682 968 826 1025 aeselemt.
845 967 913 1025 'lota
932 967 1066 1038 siqnidem
1087 981 1132 1022 ra·
1181 966 1513 1038 tiam¹⁸saperetsentialis
1525 966 1655 1021 luminum
1665 964 1973 1028 manationis¹⁸,istcc

341 1057 447 1114 tinnulis
474 1067 610 1124 ereatura,
637 1073 708 1129 quac
731 1054 839 1129 proprie
865 1058 893 1114 in
911 1056 1067 1114 bominibus
1087 1057 1130 1112 in·
1182 1054 1485 1126 fitomnislieantseire
1502 1055 1626 1110 cecidere
1644 1054 1752 1125 dianus,
1766 1054 1835 1109 dam
1858 1052 1973 1123 ἱμειειι

341 1148 469 1220 telligitur
494 1148 642 1205 subsistere
660 1150 683 1214 ¹,
706 1148 830 1205 etiamin
860 1146 965 1204 delictis
984 1147 1042 1204 suls
1070 1160 1132 1218 per-
1181 1148 1260 1214 cidet,
1283 1164 1330 1203 nee
1350 1147 1481 1218 euanescit
1492 1163 1549 1203 aere
1569 1145 1668 1212 iumen,
1684 1146 1712 1201 ia
1728 1161 1782 1217 quo
1800 1162 1886 1215 strpcr
1904 1144 1974 1199 sias

340 1237 478 1307 versisque
502 1235 668 1294 animetibus
692 1235 777 1294 licum
803 1236 930 1303 ⁸suum,
957 1252 974 1292 a
998 1251 1052 1308 quo
1079 1243 1132 1304 est,
1182 1255 1242 1295 nem
1267 1248 1291 1294 ct
1317 1238 1490 1311 repetitionem
1512 1237 1599 1310 {actus
1620 1235 1675 1303 est',
1702 1235 1752 1290 lrcc
1775 1235 1861 1290 ωιεεκ
1882 1235 1976 1298 edm,

340 1334 367 1381 et
392 1326 426 1381 ad
445 1341 527 1396 quem
552 1326 788 1398 contemplandum
813 1328 922 1385 condita
947 1335 1000 1394 est,
1026 1341 1134 1399 semper
1182 1347 1242 1388 eam
1261 1333 1289 1386 in
1308 1330 1429 1386 amnibus
1453 1328 1618 1385 sensibilitas
1637 1336 1663 1383 et
1682 1326 1888 1397 inteilifililisas
1906 1344 1977 1391 esse,

339 1414 454 1485 quaerit.
468 1414 647 1472 llationabllis
660 1416 759 1487 quippe
773 1424 871 1472 natura
883 1431 1021 1488 nunquam
1032 1415 1133 1470 malum
1183 1428 1209 1476 et
1223 1418 1372 1491 propietice
1390 1418 1503 1475 dicens:
1518 1416 1650 1473 llirnbiiis
1666 1416 1739 1488 i¹⁸⁶⁸¹¹
1752 1426 1790 1472 est
1801 1419 1907 1472 edatis
1922 1428 1974 1471 tua

340 1506 454 1575 appetit,
470 1507 496 1562 in
520 1506 612 1564 multis
631 1517 725 1567 tamen
739 1509 839 1563 iallitur
858 1517 886 1564 et
906 1508 1049 1579 decipitur,
1066 1505 1134 1562 falsa
1183 1528 1217 1570 es
1230 1530 1287 1579 me,
1302 1513 1451 1585 confortate
1464 1522 1518 1578 est,
1533 1520 1620 1567 elnon
1633 1520 1724 1581 potero
1739 1511 1777 1564 ad
1789 1526 1855 1564 εει
1874 1510 1973 1575 neen-

340 1611 390 1667 pro
404 1598 475 1656 ueris
489 1601 652 1671 approbans,
667 1602 740 1672 quod
759 1604 898 1674 proprium
915 1612 958 1658 est
978 1602 1091 1670 er·roris,
1105 1610 1135 1659 el
1184 1607 1327 1662 mnodum
1350 1606 1428 1661 etiarn
1453 1606 1556 1661 dirirnts
1581 1602 1683 1658 Paulus
1713 1601 1800 1657 Deum
1828 1603 1978 1672 ωςειεείιει

341 1703 394 1743 non
405 1698 510 1746 rectam
523 1691 594 1746 tiam
607 1691 783 1763 ingredientis
796 1691 808 1725 ⁸
820 1693 855 1749 ud
870 1708 1006 1750 summum
1020 1695 1133 1762 bonrum
1185 1696 1296 1760 dicitur,
1311 1710 1467 1766 ecpncseens
1479 1695 1556 1749 ilium
1570 1709 1649 1764 saper
1662 1708 1767 1747 emnem
1780 1691 1980 1762 intellipsutiaut

341 1780 412 1849 quod
428 1794 537 1851 semper
551 1782 667 1852 quaerit.
692 1780 841 1840 Perrersus
858 1791 949 1841 autern
968 1784 1025 1855 ipse
1046 1792 1136 1840 inoltu
1185 1796 1210 1843 el
1229 1786 1405 1858 contritionem
1421 1786 1600 1850 existentem
1619 1784 1816 1855 propterquod
1834 1793 1863 1838 et
1882 1784 1982 1838 metui·

341 1870 471 1928 uocabulo
491 1871 609 1929 malitiae
627 1889 680 1929 non
698 1872 847 1946 incongrue
861 1875 1020 1947 appellatur.
1034 1873 1136 1931 llalitla
1186 1874 1284 1945 peiiler
1306 1890 1363 1930 erse
1384 1875 1441 1929 sias
1463 1874 1521 1944 cias
1544 1875 1600 1941 eit,
1624 1883 1650 1929 et
1673 1872 1862 1929 inscmtalilia
1883 1874 1979 1943 jadias

342 1977 459 2033 namque
473 1971 516 2019 est
537 1963 644 2020 animae
659 1964 850 2022 intellectualis
869 1966 1033 2022 naturalium
1052 1966 1136 2022 bono
1150 1935 1262 2035 Beires,
1276 1972 1301 2019 ct
1318 1963 1508 2020 inenarrabiles
1522 1965 1676 2020 donationes
1690 1964 1764 2034 ejas,
1781 1974 1807 2019 et
1820 1981 1917 2035 peceat
1928 1966 1979 2034 cjst

342 2069 401 2109 rum
417 2053 526 2122 obliuio,
540 2064 569 2112 ει
582 2055 616 2111 ad
630 2054 712 2113 tinem
724 2057 865 2115 insitarum
877 2067 991 2114 naturae
1005 2057 1137 2114 uirtutum
1187 2064 1355 2125 superantem
1382 2071 1485 2110 emnem
1507 2054 1683 2121 intellectam,
1706 2057 1745 2110 sie
1764 2054 1907 2111 iacemus
1928 2071 1981 2109 east

342 2145 507 2214 operationis
539 2143 683 2213 delectus,
709 2146 928 2222 naturaliumque
955 2150 1138 2221 potentiarum
1187 2161 1267 2216 saper
1281 2145 1386 2208 emnia,
1400 2154 1425 2200 et
1439 2141 1794 2212 ltceruperintellipentiem
1807 2158 1979 2213 mancum,

342 2248 392 2304 per
413 2235 550 2292 nitentem
569 2237 765 2308 judicationem
785 2242 812 2296 in
832 2240 906 2297 aliud
929 2249 1038 2314 praeter
1056 2241 1138 2299 linem
1187 2237 1250 2310 quin
1271 2253 1352 2309 repra
1375 2236 1464 2292 omnia
1490 2245 1547 2301 εει,
1573 2234 1690 2290 emnium
1713 2234 1834 2290 causalis
1859 2235 1978 2289 aalma
2025 2240 2027 2245 “

343 2327 538 2384 irrationabilis
554 2337 654 2384 motus.
676 2328 771 2386 Finem
785 2346 850 2388 uero
865 2333 926 2390 dico
948 2348 1139 2405 eorumquae
1187 2329 1260 2385 idern
1278 2328 1305 2383 in
1323 2327 1437 2399 epistola
1463 2328 1497 2383 ad
1516 2325 1612 2382 Galum
1632 2325 1799 2381 monachum
1824 2324 1979 2381 :smine

343 2430 417 2487 sunt,
440 2436 562 2488 causatu,
586 2437 669 2491 quant
695 2425 856 2482 naturaliter
882 2433 1012 2498 appetunt
1035 2427 1137 2483 omnia.
1189 2421 1305 2493 quidem,
1321 2418 1409 2490 inquit
1422 2419 1456 2485 ¹'.
1471 2416 1709 2474 obscuramini*
1722 2416 1835 2481 lvmine·
1857 2428 1881 2471 et
1897 2419 1979 2488 usit

345 2509 462 2565 Proinoe
480 2512 540 2583 ipso
561 2510 740 2569 irrationabili
763 2525 849 2585 motu,
864 2518 911 2589 qai
935 2518 1018 2575 totius
1036 2518 1098 2574 mal
1112 2528 1140 2575 es
1189 2516 1217 2568 in
1230 2512 1313 2569 natio
1327 2511 1436 2567 tamine.
1452 2510 1637 2584 interemistis
1651 2510 1787 2566 ramirans
1801 2511 1980 2573 nimicae

344 2601 464 2657 malitiae
481 2612 509 2658 et
522 2602 534 2634 ⁸
547 2617 630 2660 nanu
643 2615 673 2661 et
685 2605 824 2676 plenitudo
836 2617 888 2676 est,
902 2608 1032 2667 boninus
1045 2610 1140 2681 ampli-
1189 2606 1273 2677 rnaat's
1289 2602 1388 2659 notrae
1400 2604 1534 2659 scientiae.
1549 2601 1622 2657 llaec
1637 2601 1740 2657 enin¹⁸
1750 2603 1979 2673 emunim.

348 2693 441 2750 tudine
465 2694 672 2766 circumscripto
692 2699 854 2771 penitusque
876 2700 1030 2767 terminato,
1056 2702 1141 2759 ratic·
1189 2699 1234 2755 sed
1249 2714 1301 2752 non
1315 2696 1459 2754 secundum
1479 2694 1815 2767 priuationemaccipiens,
1832 2694 1978 2763 appraw⁸

346 2785 473 2842 nobiliter
493 2787 643 2844 seeundum
666 2789 763 2847 insitas
786 2791 838 2847 sibl
865 2791 1001 2850 naturales
1025 2794 1141 2852 uirtutes
1189 2806 1349 2862 superuis.
1363 2789 1428 2860 uitis
1446 2785 1821 2857 illel-fliiamluilfflbessi
1835 2784 1979 2854 inmitte·

346 2877 463 2935 bumana
481 2887 580 2935 natura
600 2881 763 2950 movebitur,
787 2899 894 2942 sursunt
917 2899 1013 2943 versus
1036 2894 1139 2956 erecta,
1189 2879 1434 2945 bensibilelumcu,
1454 2878 1580 2935 nesciunt
1592 2876 1657 2948 ulid
1678 2875 1802 2945 Siiuuud
1823 2875 1929 2938 bstul-
1941 2884 1979 2928 le·

346 2981 457 3025 causam
477 2983 555 3025 snum
573 2983 682 3042 semper
705 2981 850 3045 appetens,
871 2983 899 3032 et
916 2975 944 3032 in
967 2978 1139 3046 paradisum,
1189 2981 1279 3032 stante
1291 2970 1481 3041 Evangelista:
1500 2968 1536 3023 Et
1549 2969 1596 3024 iae
1606 2970 1635 3023 in
1648 2967 1761 3022 tenebris
1771 2965 1862 3032 lueet,
1874 2978 1897 3020 et
1915 2976 1984 3019 tem

346 3057 458 3115 delicias
472 3059 533 3115 dico
545 3059 687 3127 uirtutum,
699 3051 768 3132 qu'as
781 3064 942 3122 naturaiiter
954 3066 1006 3122 sibi
1020 3057 1115 3123 insitas
1129 3066 1140 3099 ⁸
1191 3064 1252 3120 irae
1274 3080 1333 3120 eant
1356 3080 1409 3123 non
1423 3060 1700 3133 'comprehenderam
1720 3059 1838 3129 ideoque
1866 3058 1983 3112 divinum
2042 3084 2043 3101 .

347 3148 485 3218 monendo
503 3149 671 3220 perdiderat,
686 3153 804 3221 rediens,
819 3169 964 3226 escamque
978 3155 1042 3227 ligni
1057 3156 1139 3221 vitae,
1190 3155 1279 3210 lumen
1294 3154 1467 3210 tenebrarum
1478 3150 1620 3218 uocabulo,
1638 3151 1768 3221 quoniam
1781 3148 1985 3219 incompreben-

347 3238 395 3294 lici
417 3237 544 3295 videlieet
555 3240 638 3297 Verbi
652 3244 920 3316 contemplationem,
930 3247 1057 3303 ardenter
1069 3245 1141 3302 desi-
1192 3247 1330 3312 sibilecst,
1340 3244 1492 3309 uocitatum
1507 3241 1634 3298 similiter
1647 3249 1674 3297 et
1686 3241 1805 3313 gnostica
1817 3240 1903 3292 ustus
1916 3252 1985 3292 eon·

347 3330 455 3397 derans,
484 3331 646 3404 divinaeque
670 3337 805 3409 imaginis,
828 3340 863 3396 ad
887 3356 969 3413 quarn
992 3339 1063 3395 laeta
1087 3346 1141 3408 esi,
1194 3335 1380 3408 templantinm
1394 3333 1470 3401 illud,
1489 3334 1617 3401 quoniam
1638 3331 1672 3385 ab
1686 3345 1721 3386 co
1740 3329 1929 3399 repercutitur,
1942 3336 1984 3381 te·

349 3420 508 3492 dignitatern
519 3423 641 3495 recipere
655 3423 796 3483 festinans.
819 3428 872 3484 Sed
891 3431 1020 3499 quoniam
1032 3431 1055 3499 ⁸,
1069 3431 1142 3502 quod
1193 3427 1339 3485 oebrarum
1351 3425 1460 3481 nomine
1471 3423 1597 3494 frequens
1608 3419 1769 3492 appellatur,
1781 3418 1985 3489 quiabaltentes

350 3510 456 3580 quaerit
467 3518 495 3565 et
507 3513 619 3584 appetit,
631 3513 694 3569 duni
710 3524 784 3572 reete
797 3526 922 3573 movetur
932 3518 974 3574 uel
991 3534 1044 3575 uon
1058 3530 1142 3588 mete,
1195 3518 1284 3574 lumen
1295 3524 1322 3574 et
1329 3531 1421 3573 rernm
1431 3511 1840 3571 scientiarulatct-sccarsdrsm
1848 3508 1981 3563 υεειιεεεε

348 3597 484 3654 inllnitum
498 3609 551 3667 est,
566 3601 695 3673 oninique
706 3614 849 3663 ereantrae
861 3608 1143 3678 incomprehensibile,
1193 3609 1407 3680 innocentiani
1428 3604 1605 3676 superpositae
1623 3604 1707 3674 ipsias
1728 3601 1853 3656 tenebrae
1874 3599 1984 3653 ιειεειεε

349 3688 597 3760 moestamque·
621 3695 728 3765 semper
747 3695 901 3765 quaeritur,
934 3709 980 3793 ²1⁰-
982 3697 1144 3769 prmo&
1195 3697 1227 3753 ab
1248 3697 1320 3752 omni
1340 3695 1452 3761 lumine,
1478 3704 1502 3750 et
1526 3692 1688 3749 abscondunt
1714 3707 1819 3747 omnem
1846 3691 1982 3745 scientiam.

350 3791 458 3849 semper
489 3790 613 3836 mouetur
639 3798 646 3836 s
673 3797 780 3855 semper
810 3785 938 3857 quaerit,
974 3786 1147 3858 nrirabilique
1195 3790 1231 3845 Et
1248 3792 1271 3845 ri
1288 3790 1347 3862 quis
1360 3790 1448 3844 uidens
1465 3787 1605 3841 Dominam
1619 3783 1746 3841 intellexit
1759 3783 1835 3854 qued
1849 3783 1984 3848 ridinscs

352 3877 432 3940 prete
448 3871 470 3962 ¹⁸
481 3871 679 3942 quodammodo
705 3876 818 3943 invenit,
841 3879 912 3948 qnod
935 3879 1042 3950 quaerit
1063 3880 1097 3947 ¹¹,
1119 3889 1148 3938 et
1195 3884 1282 3956 iprum
1293 3880 1482 3952 contemplatus
1495 3886 1551 3945 cst,
1564 3875 1609 3933 scd
1624 3876 1687 3948 qaid
1704 3891 1796 3930 eerarn
1811 3873 1847 3928 ai
1866 3875 1922 3944 ipse
1937 3872 1984 3926 eci-

354 3975 408 4016 non
423 3961 536 4031 invenit,
548 3969 612 4036 quia
622 3965 808 4027 inreuircuon
823 3978 922 4041 potest.
936 3970 1040 4028 inuenit
1056 3980 1146 4028 autem
1196 3976 1319 4030 stantiam
1333 3982 1359 4028 et
1373 3972 1557 4042 sepuitorem,-
1572 3971 1627 4040 ipse
1640 3977 1727 4023 actem
1741 3983 1825 4039 super
1839 3968 1953 4020 ammaus
1963 3972 1983 4015 et

354 4065 404 4121 per
418 4051 605 4124 theopbanias,
620 4071 670 4127 per
682 4067 795 4116 naturae
810 4075 876 4117 vero
895 4061 1003 4119 diuinae
1028 4078 1077 4134 per
1095 4064 1148 4120 sei-
1197 4065 1427 4138 superruentium
1441 4063 1601 4131 collocatus,
1619 4059 1805 4117 uniuersaliter
1825 4077 1880 4115 nan
1899 4073 1984 4129 sepro-

354 4155 431 4211 psam
465 4147 720 4216 contemplationem
740 4166 793 4207 nou
818 4153 932 4210 inuenit.
959 4155 1148 4227 Theophanios
1197 4157 1555 4231 seitar,neqaeeitletur,eetl
1568 4151 1985 4226 estsuperessentialiteretseper

354 4239 445 4288 autem
458 4233 518 4291 dico
538 4235 685 4294 visibilium
700 4249 728 4296 et
746 4242 923 4302 invisibilium
943 4249 1056 4318 species,
1079 4263 1148 4319 qua·
1199 4250 1315 4306 animum
1331 4248 1505 4320 connascitur.
1523 4244 1558 4300 Et
1572 4247 1630 4317 ipse
1644 4245 1788 4299 secandam
1810 4243 1884 4313 qued
1904 4238 1983 4294 mdiu

354 4330 414 4379 nim
425 4326 520 4382 ordine
531 4334 559 4384 el
565 4328 766 4399 pulchritudine
777 4337 949 4407 cognoscitur
959 4339 1030 4395 licus
1040 4354 1103 4396 esse
1113 4339 1147 4408 ¹⁸,
1200 4350 1237 4397 est
1259 4339 1450 4412 perfectissima
1473 4336 1633 4408 ipnoramia,
1647 4335 1759 4389 seientia
1781 4342 1820 4387 est
1839 4333 1900 4399 eius
1915 4344 1985 4399 septi,

353 4414 596 4474 etinteniturnon
611 4420 743 4491 quidest,
757 4424 804 4482 sed
820 4427 884 4498 quia
905 4427 1075 4486 solummodo
1093 4437 1146 4497 est,
1200 4433 1289 4488 emnia
1308 4433 1422 4503 coquite.
1443 4429 1536 4500 Neque
1554 4428 1606 4485 bue
1624 4424 1790 4496 euangelista
1807 4420 1984 4495 praetermisit

353 4507 481 4576 quoniam
493 4509 609 4580 ipsaliei
622 4522 719 4570 uatttra
735 4532 785 4575 nee
797 4519 897 4577 dicittn
908 4536 959 4578 nce
971 4521 1145 4593 intelligitur3
1201 4523 1294 4580 diceus
1308 4542 1316 4578 ε
1329 4523 1415 4578 licam
1429 4538 1504 4578 nemo
1518 4520 1582 4577 sidit
1597 4535 1723 4591 anquam.
1738 4518 1774 4574 Et
1787 4526 1818 4574 ut
1830 4519 1870 4574 ait
1881 4516 1984 4573 Ambio

353 4610 466 4671 superat
485 4618 603 4675 narrrquc
622 4619 730 4664 ornnem
746 4610 913 4668 intellectum
934 4613 980 4668 lux
1002 4613 1277 4692 inaccessi-psius:
1304 4612 1377 4669 Sient
1397 4630 1530 4685 nunqnam
1558 4612 1666 4668 ciniilit
1694 4610 1766 4682 fait,
1793 4611 1831 4665 ita
1861 4623 1982 4679 εεεειει

356 4688 429 4745 bilis.
450 4689 483 4744 El
507 4690 560 4747 lroe
582 4696 714 4766 estquod
736 4696 883 4755 Psalmista
903 4700 998 4757 dicit:
1023 4702 1148 4769 Quaerite
1197 4705 1306 4765 nubilis
1319 4706 1378 4762 erit.
1391 4705 1425 4762 Et
1436 4702 1612 4776 quod⁸⁸ipsa
1625 4703 1732 4761 Veritas
1743 4701 1830 4759 dicit:
1845 4701 1930 4756 Nema
1944 4714 1985 4752 se·

356 4775 527 4836 Dominamet
535 4783 964 4862 eonfinnemini,·qaaeritc[acient
972 4793 1031 4866 ejus
1037 4808 1148 4865 ιειιιρει.
1199 4799 1234 4854 ait
1248 4796 1358 4853 Patrem
1370 4798 1421 4853 nisi
1432 4794 1538 4862 Filias,
1554 4810 1637 4867 neque
1649 4791 1752 4848 Filium
1764 4793 1818 4848 sisi
1829 4789 1913 4845 Pater.
1932 4787 1983 4841 Sed

356 4864 391 4921 Et
415 4868 482 4972 baec
505 4880 548 4928 est
563 4875 711 4944 spiritualis
734 4880 779 4937 ilia
793 4883 848 4949 ria,
869 4898 939 4954 quoe
962 4886 991 4942 lu
1013 4886 1149 4942 inlinitum
1202 4899 1294 4945 utrum
1310 4887 1359 4943 bei
1374 4887 1455 4944 Verbi
1471 4886 1639 4951 liumanitas,
1653 4883 1725 4940 sieut
1739 4892 1768 4940 el
1782 4883 1837 4955 cius
1849 4878 1981 4941 diuinitas,

360 4959 454 5026 ¹¹¹¹d¹¹i
470 4976 551 5032 imm
564 4981 649 5035 lutae
668 4970 859 5045 perfectaeque
871 4978 980 5035 animae
992 4979 1151 5050 ingrediun-
1203 4978 1488 5052 incomprenensibilis
1502 4985 1546 5034 est
1558 4977 1633 5033 omni
1650 4983 1812 5041 ermionae,
1829 4983 1982 5040 suumque

360 5057 414 5115 iul,
429 5050 514 5107 bean
536 5069 615 5111 suum
635 5072 807 5128 quaerentes.
824 5066 893 5122 Nam
913 5077 941 5125 ct
959 5070 1075 5126 uirtutes
1089 5085 1153 5126 eac-
1203 5080 1316 5144 superat
1338 5071 1520 5137 intellectum,
1544 5078 1688 5140 postquam
1712 5068 1741 5122 ln
1764 5068 1891 5123 delutum
1910 5059 1981 5118 ledii

359 5135 539 5246 ¹⁰⁸⁸⁰⁸⁰⁰¹¹s⁰
553 5158 633 5199 “uum
649 5160 755 5219 ⁸⁸¹¹⁸ll⁸³r
774 5164 918 5222 quaerunt,
938 5157 965 5212 in
981 5173 1063 5229 quern
1081 5174 1153 5215 seut·
1204 5172 1343 5235 assumpta
1367 5171 1424 5229 est,
1448 5176 1555 5232 unaque
1579 5177 1641 5218 eum
1667 5160 1726 5232 ipsa
1753 5159 1903 5217 subsunffl
1921 5155 1981 5208 lacu

359 5242 409 5303 pur
435 5241 591 5304 prospicere
613 5237 820 5311 concupiscunt.
847 5243 907 5316 lpse
932 5256 976 5305 est
997 5249 1095 5320 caligo,
1119 5253 1152 5309 dc
1205 5254 1309 5326 absque
1326 5252 1380 5309 ulla
1399 5250 1559 5310 confusione
1578 5252 1721 5323 utriusque
1741 5259 1857 5308 naturae
1887 5245 1981 5302 diuisae

1003 5383 1133 5447 uanius
1151 5360 1353 5450 sbiuoucs.

398 5507 556 5575 ¹bvetntl
575 5518 612 5574 cd
633 5517 726 5577 linem.
763 5520 819 5579 'tt
850 5522 990 5580 misistere
1012 5523 1176 5597 inteliipitrsr.
1216 5526 1435 5582 ’abominans
1470 5525 1482 5557 ⁸
1509 5523 1552 5582 cp
1577 5524 1735 5598 inqrerliers.
1784 5534 1844 5581 ¹et
1861 5539 1914 5581 orn.
1936 5520 1981 5578 Gli.

359 5594 551 5650 ⁸ninserras.
588 5589 740 5663 'quanam
757 5607 812 5649 om.
829 5593 862 5649 Α.
900 5593 1087 5662 'Sisimi‘
1104 5598 1261 5652 necessario.
1298 5597 1399 5652 ’Aac
1416 5612 1516 5667 semper
1535 5606 1712 5668 moteturper
1730 5596 1781 5652 ltcc
1798 5597 1868 5669 quod
1882 5596 1979 5664 mertil-

364 5665 386 5697 ⁸⁸
402 5662 449 5720 Sic
467 5664 509 5720 CF
523 5679 530 5728 ;
546 5662 569 5717 A
583 5662 755 5736 mirabilique
769 5664 858 5719 modo.
899 5665 921 5698 ¹¹
939 5666 1167 5750 liquerismmctic
1188 5667 1258 5739 quad
1276 5669 1377 5739 quaerit
1397 5667 1502 5722 inuenit.
1540 5667 1562 5698 ¹¹
1576 5667 1598 5721 Α
1614 5666 1697 5723 been
1712 5682 1782 5723 essu.
1821 5666 1886 5720 Μ
1907 5666 1981 5716 tren

362 5732 550 5789 inaccessibile.
589 5733 613 5765 ¹⁸
627 5733 650 5788 b
665 5743 761 5790 etcum
772 5735 922 5806 quidemsit
936 5735 1083 5791 inerrabilis.
1121 5738 1143 5774 ¹⁸
1158 5737 1181 5792 Α
1196 5747 1221 5793 ct
1235 5736 1427 5794 inaccessibiles
1441 5737 1767 5808 preptereealesanriam.
1817 5738 1840 5770 ¹⁸
1853 5738 1876 5792 it
1889 5732 1980 5804 effutis*

367 5802 390 5838 ¹⁸
405 5803 428 5858 tl
442 5804 653 5875 itaquisqaidem.
692 5804 714 5838 ¹⁸
729 5807 864 5863 emotum.
880 5805 932 5863 cti.
977 5807 999 5839 ¹⁸
1014 5806 1303 5874 SicGF3Aeutsntia.
1341 5807 1365 5840 ⁸⁸
1379 5794 1509 5879 ciquitl.
