4167 6625
57 482 145 539 sust

367 478 489 540 l'tebsto
508 480 649 538 creauit
668 481 697 537 S.
718 479 875 535 btoxrstt.
896 511 931 521 ——

951 479 1214 535 EttthstttsTh'a
1235 479 1430 535 lehstrtlttht.
1652 486 1717 539 trias

59 594 216 652 lominum
231 573 395 667 praedicatio
405 596 554 667 perdcitur.
565 596 599 652 Et
611 595 763 652 lavantibus
777 611 871 651 rnarros
886 601 908 658 ,i
923 603 950 649 et
973 593 1176 649 collocationem
1201 575 1326 660 edicitur,
1349 605 1377 651 et
1401 576 1526 651 omnibus
1546 576 1719 658 deihrrrnihoe

61 701 147 756 aquia
175 700 283 741 srnomo
308 685 448 741 sacerdote
470 694 497 740 et
519 685 724 751 sacerdotibus,
749 701 871 741 summos

61 777 191 846 paridem
211 775 338 831 sacerdos
359 775 385 829 in
409 775 498 830 medio
518 776 601 830 divini
624 774 719 830 altaris
738 784 804 841 stat,
819 775 871 830 eir-

61 877 218 924 eramstaot
231 877 321 922 autem
339 868 388 923 soli
407 884 468 924 eum
487 868 672 925 sacerdotibus
685 869 869 924 ministrorum
881 875 888 881 ‘'

61 957 186 1013 selecti.
207 956 242 1012 Et
253 971 345 1012 sacras
355 957 460 1012 divinas
472 957 593 1012 actiones
611 973 732 1013 summus
746 958 871 1014 sacerdos

63 1048 207 1109 laridans,
227 1045 363 1101 sacrificat
384 1045 563 1110 divinissima,
584 1057 612 1100 et
631 1046 681 1101 snb
698 1055 869 1115 conspectum

61 1138 153 1192 draeit
177 1136 286 1191 laudata
308 1151 357 1207 per
376 1150 453 1191 sacre
472 1136 674 1206 procumbentia
688 1136 820 1208 symbola,
842 1146 870 1193 et

60 1228 242 1283 donationes
260 1225 411 1281 diuinorum
431 1236 539 1280 actuum
560 1225 720 1290 ostendens,
744 1227 771 1281 in
793 1240 869 1281 corrr-

62 1320 239 1374 rurroienem
255 1333 348 1373 eonon
360 1317 520 1372 sanctificat.
533 1317 646 1390 ipseque
659 1319 742 1381 renit,
756 1327 784 1373 et
804 1316 871 1372 alios

62 1410 251 1464 adhortatur.
277 1408 418 1475 decipiens
430 1422 493 1463 vero
506 1417 532 1462 et
546 1410 655 1464 tradens
666 1409 783 1464 divinam
797 1424 870 1463 eorn-

64 1501 249 1560 munionem,
272 1500 298 1553 in
313 1498 507 1556 Errrlraristiam
526 1517 631 1557 sacram
650 1501 758 1568 desinit,
780 1491 885 1557 multis'

63 1591 188 1660 quidem
203 1589 231 1643 in
244 1590 298 1643 sola
321 1590 411 1645 «lirina
425 1589 544 1661 symbola
559 1592 794 1663 prospicientibus,
813 1585 885 1664 ipso'

63 1690 168 1734 aretem
188 1694 296 1749 semper
311 1680 404 1735 diuino
414 1682 508 1750 spriritu
528 1684 562 1736 ad
582 1695 673 1737 saneta
690 1683 869 1754 perlectorum
899 1709 904 1720 ·

64 1768 213 1838 principia
227 1769 253 1824 lu
266 1769 351 1824 beatis
366 1780 393 1823 ct
404 1770 628 1826 intellectualibus
644 1773 871 1842 speculationibus

64 1859 274 1917 ierarchice‘in
294 1862 412 1929 puritate
424 1859 564 1915 deiformis
578 1861 684 1916 habitus
697 1863 867 1917 ascerrdente.

421 1995 543 2052 littorio.

102 2132 180 2186 Verri
198 2131 291 2204 igitur,
306 2147 322 2187 o
336 2145 404 2201 puer
417 2130 498 2195 boue,
514 2137 575 2201 post
589 2131 720 2203 imagines
737 2129 763 2188 io
778 2135 873 2189 ordine

61 2231 94 2277 et
120 2238 208 2279 sacre
234 2224 261 2278 in
287 2222 446 2278 deiformem
476 2222 664 2294 principalium
688 2223 873 2296 exemplorum

62 2314 232 2370 veritatem.
263 2314 330 2370 illud
355 2312 484 2385 perfectis
507 2315 533 2369 iu
558 2316 738 2372 coadunatam
763 2333 872 2372 straronr

61 2406 230 2460 animarum
249 2406 475 2461 introductionem
491 2405 590 2472 diram,
611 2409 745 2477 qrromorlu
765 2407 882 2479 syndan?

62 2493 164 2548 lorum
180 2495 256 2549 saria
274 2502 301 2549 et
321 2509 397 2549 saera
411 2494 570 2563 compositio
592 2510 645 2549 noo
659 2495 718 2550 sine
734 2497 872 2552 intellecto

61 2586 110 2639 cis
134 2583 278 2650 subsistit,
300 2591 327 2639 et
350 2597 435 2653 arsque
459 2597 507 2646 ea,
522 2599 599 2653 ,oriae
621 2591 698 2639 extra
719 2594 799 2650 srrnt,
823 2602 872 2655 ap·

62 2688 178 2742 parens
195 2672 373 2727 solummodo.
398 2671 582 2726 sacratissimi
600 2673 708 2742 uiridem
726 2674 799 2727 enim
815 2675 872 2728 clo·

66 2763 206 2833 quiorum
229 2773 324 2817 matris
334 2770 362 2817 et
374 2761 514 2826 lectiones,
528 2763 679 2817 doctrinam
693 2764 733 2817 eis
746 2774 872 2821 strenuae

64 2850 148 2905 vitae
167 2852 341 2916 melanciam,
355 2861 383 2906 ct
402 2852 436 2907 ah
452 2852 492 2905 eis
513 2849 658 2921 perlectam
675 2856 872 2925 corrumpentis

67 2941 199 2998 malitiae
218 2944 417 3014 purgationem.
444 2943 614 2998 llirioissima
637 2955 727 3000 antem
748 2947 827 3000 unios
845 2955 873 3001 et

67 3030 199 3100 rihmar
221 3040 249 3086 et
269 3033 346 3102 panis
368 3043 396 3087 et
417 3032 511 3087 calicis
533 3035 689 3089 communio
709 3044 737 3088 et
760 3035 870 3107 paeihca

69 3118 189 3175 traditio
209 3121 325 3175 siroilero
346 3121 576 3176 concremationem
598 3122 638 3176 eis
657 3123 790 3188 divinam,
813 3132 871 3178 tao·

70 3225 159 3279 qrrarn
174 3209 298 3264 similiter
308 3208 450 3264 edentibus
460 3210 623 3282 promulgat,
635 3221 662 3265 et
674 3210 870 3266 divinissimam

70 3317 190 3359 coenam
204 3309 232 3357 et
243 3299 390 3372 principale
408 3299 558 3370 symbolum
576 3299 757 3370 perlectorum
774 3302 800 3356 in
816 3318 871 3357 rare·
885 3282 906 3337 Γ·

72 3394 195 3450 moriam
216 3408 321 3448 sacram
342 3391 426 3448 discit.
447 3390 526 3446 lurra
547 3393 618 3462 qrrod
640 3394 742 3463 etipse
761 3392 871 3463 symbo-

72 3483 169 3537 lorum
182 3482 302 3537 eonditor
313 3482 430 3550 partitur
443 3481 651 3536 secretissimam.
671 3480 766 3538 Nonae
778 3491 872 3537 sancte

73 3578 99 3632 ei
114 3585 143 3631 et
155 3576 285 3631 unimode
306 3590 385 3631 sacra
406 3585 618 3635 concoenantem
637 3575 738 3630 docens
751 3585 778 3629 et
798 3584 873 3630 recte

75 3664 202 3721 simulet
223 3662 400 3728 deiformiter,
420 3663 554 3733 quomodo
577 3663 634 3732 ipsa
654 3663 731 3735 Juxta
753 3664 873 3718 habitum

76 3770 144 3809 sera
170 3754 196 3809 in
218 3754 307 3809 dirioa
334 3751 482 3824 assurrrptio
504 3751 537 3805 ad
558 3751 759 3807 similitudinem
780 3768 873 3808 eorum

79 3845 298 3900 communionem
313 3844 378 3916 ipsis
391 3843 595 3899 advenientibus
607 3841 747 3899 donatur?

115 3934 189 3990 llaec
202 3935 292 4006 igitur,
306 3944 336 3988 ιιι
345 3934 411 3998 diri,
425 3933 452 3988 in
467 3933 601 3988 aditorum
612 3933 680 4021 atria
694 3932 762 3989 bene
774 3934 875 3990 descri-

78 4033 138 4095 pta,
153 4023 317 4094 imperfectis
331 4026 417 4080 adbuc
430 4025 463 4079 ad
474 4024 726 4095 contemplationem
738 4025 875 4080 sufficien-

81 4125 137 4171 tem
155 4114 346 4185 relinquentes.
370 4116 501 4169 intremus
516 4114 695 4170 acausalibus
716 4115 742 4169 in
768 4130 874 4180 causas,

77 4207 157 4271 insta
172 4219 275 4259 sacram
294 4214 412 4259 nostram
426 4206 550 4275 synaxin,
571 4215 599 4260 et
617 4207 740 4261 decoram
757 4205 876 4260 imisibi·

81 4293 148 4348 lium
163 4292 224 4348 lesu
236 4294 361 4350 luciduco
376 4295 525 4349 silebimus
537 4296 652 4375 tropina,
665 4295 771 4350 beatam
791 4295 877 4351 ‹leria-

82 4392 188 4439 ranam
200 4380 340 4438 manifeste
354 4384 540 4454 principalium
555 4384 703 4440 formarum
723 4386 874 4456 pulchritu-

82 4474 184 4527 dinem.
203 4472 255 4528 Sed
266 4473 433 4527 diatrrisstma
445 4485 472 4529 et
484 4489 562 4529 saera
579 4475 670 4541 teleta,
685 4477 876 4546 circumposita

84 4562 154 4616 tibi¹
172 4562 314 4631 symbolice
333 4564 492 4618 vestimenta
524 4565 704 4635 aenigmatum
734 4567 876 4631 resciatis,

922 684 1159 754 proportionaliter
1181 684 1334 751 illucendo,
1363 685 1435 740 circa
1460 690 1631 759 senetipsam
1656 707 1720 748 rere

921 775 1024 837 existit,
1039 782 1068 829 el
1081 776 1186 847 propria
1201 777 1310 830 ornninu
1322 792 1375 831 non
1388 785 1581 834 trarrsrnutator
1592 779 1687 838 iruobtt
1703 812 1719 827 ·

921 859 1034 917 bllitate.
1048 861 1180 917 Similiter
1190 863 1279 918 diuina
1289 879 1424 936 synaxeos
1435 866 1526 931 teleta,
1538 870 1586 922 etsi
1599 869 1719 926 iorolnto

922 957 949 1002 ct
970 948 1085 1018 simplex
1113 949 1210 1005 habeat
1235 960 1263 1005 et
1290 951 1470 1023 eornplicitmn
1493 957 1665 1027 primarium,
1692 961 1719 1016 ln

921 1054 1025 1093 sarcram
1041 1039 1199 1094 varietatem
1218 1042 1401 1111 symbolorum
1421 1042 1571 1100 clementer
1591 1048 1719 1118 rrrrrhipli·

922 1139 1009 1194 catur,
1021 1137 1049 1185 et
1059 1128 1144 1200 usqne
1158 1146 1265 1185 omnem
1279 1133 1371 1204 implet
1382 1133 1558 1188 ierarchicam
1571 1137 1651 1209 imagi
1660 1133 1664 1144 '
1674 1156 1718 1194 om

922 1219 1142 1289 descriptionem,
1156 1222 1285 1276 continno
1296 1221 1468 1278 uniformiter
1478 1239 1509 1278 er
1523 1226 1566 1280 bis
1581 1228 1677 1282 iterom
1692 1229 1719 1284 in

923 1311 1058 1380 propriam
1071 1312 1200 1368 imitatem
1212 1312 1357 1384 colligitur,
1373 1321 1400 1368 et
1417 1315 1526 1369 arrideat
1548 1317 1574 1371 in
1593 1332 1622 1375 se
1640 1335 1718 1376 sacre

922 1400 1056 1455 reductos.
1085 1398 1165 1455 forta
1192 1401 1263 1457 launo
1290 1401 1451 1458 deiformem
1482 1406 1721 1465 nrodnor-dlrioos

923 1495 1044 1543 sisinnius
1057 1493 1193 1554 sacerdos,
1206 1492 1257 1545 etsi
1275 1492 1377 1547 unitam
1393 1508 1457 1548 suae
1478 1494 1629 1551 lerarchiae
1643 1497 1723 1553 disci·

922 1577 1022 1648 pliuam
1050 1576 1189 1632 deiformis
1216 1580 1242 1632 io
1269 1579 1407 1650 srrlrlectos
1431 1582 1554 1646 deducit,
1581 1601 1720 1641 sacrorum

923 1669 1104 1740 aenigmatum
1112 1668 1310 1739 pluralitatibus
1318 1679 1410 1736 otens;
1423 1672 1579 1739 astiterum,
1592 1683 1720 1745 tanquam

923 1759 1065 1815 absolutus
1076 1768 1104 1814 et
1116 1759 1267 1815 minoribus
1282 1761 1527 1825 immensurabilis,
1541 1763 1567 1816 in
1584 1766 1720 1834 proprfnm

924 1850 1086 1920 principium
1099 1850 1259 1905 indiminute
1274 1852 1439 1916 restituitur,
1455 1860 1483 1905 et
1501 1853 1527 1906 in
1544 1869 1626 1907 orrum
1642 1869 1720 1909 saraim

888 1930 1130 1994 Bintcllectualcm
1152 1938 1254 1993 faciens
1274 1939 1426 2006 introitum,
1448 1941 1522 1995 ridet
1541 1957 1608 2012 pure
1633 1942 1723 2011 perfe-

922 2044 1028 2089 ctorum
1057 2034 1206 2090 uniformes
1235 2033 1363 2098 rationes,
1390 2034 1417 2089 in
1445 2036 1562 2090 secunda
1580 2034 1723 2092 elementis

922 2125 1105 2196 processionis
1124 2140 1270 2190 sommum,
1287 2126 1313 2179 in
1328 2126 1414 2195 prima
1434 2127 1593 2183 diriniorem
1612 2116 1722 2183 conver·

922 2217 1025 2271 sionem
1053 2214 1194 2270 facientes.
1229 2213 1397 2269 Psalmorom
1426 2227 1516 2270 anrenr
1550 2215 1720 2282 modulatio,

922 2306 1084 2363 conveniens
1098 2306 1223 2361 omnibns
1237 2303 1294 2361 lere
1305 2306 1463 2362 ierarchicis
1474 2308 1620 2378 mysteriis,
1633 2321 1722 2362 nonne

922 2388 1041 2450 fratruum
1056 2404 1098 2450 est
1112 2387 1241 2464 explicari
1260 2396 1380 2450 omnium
1405 2411 1511 2451 sonrmo
1533 2394 1723 2452 sacerdotalis·

921 2484 1017 2540 simol
1040 2483 1137 2541 barnis
1160 2486 1270 2556 qrrideor
1295 2486 1368 2540 enim
1395 2501 1472 2541 saera
1494 2494 1521 2540 et
1541 2485 1723 2556 agiographos

922 2572 1017 2635 deltos,
1034 2574 1120 2629 autin
1135 2574 1373 2629 beocxistentium
1394 2584 1549 2644 generatam
1571 2576 1723 2630 subsisten-

922 2662 997 2726 tiam,
1017 2671 1044 2716 et
1059 2662 1275 2731 dispositionem,
1299 2671 1345 2716 aot
1370 2662 1483 2734 legalem
1506 2662 1670 2719 ierarchiam
1696 2671 1724 2718 et

921 2753 1180 2818 conversationem,
1208 2760 1255 2806 aot
1282 2752 1366 2808 divini
1400 2753 1491 2822 populi
1525 2754 1722 2810 haereditatum

921 2842 1124 2898 distributiones
1133 2851 1160 2897 et
1171 2844 1360 2909 habitationes,
1377 2854 1423 2899 aut
1433 2844 1553 2912 iudicum
1566 2861 1717 2912 sacrorum,

920 2943 967 2984 aut
995 2945 1086 2998 regom
1115 2932 1286 3000 sapientum,
1312 2941 1359 2987 aot
1377 2934 1549 2987 sacerdotnm
1570 2934 1721 2989 divinorum

921 3019 1134 3092 intelligentiam,
1154 3032 1200 3077 arat
1221 3033 1341 3079 veterum
1361 3024 1480 3079 rirorom
1498 3025 1524 3080 in
1540 3026 1672 3082 varietate
1691 3038 1721 3084 et

921 3112 1092 3166 multitudino
1111 3112 1278 3167 arisietatum
1299 3114 1431 3171 immutab
1442 3113 1494 3169 lem
1517 3115 1723 3174 infortitudine

921 3200 1128 3271 philosophiam,
1150 3209 1197 3256 aot
1209 3202 1345 3258 actionum
1361 3202 1495 3272 sapientes
1509 3203 1656 3269 doctrinas,
1670 3214 1719 3261 aut

922 3295 1072 3350 alirinorum
1086 3309 1208 3349 asnorum
1226 3295 1331 3351 cantica
1346 3303 1372 3349 et
1388 3295 1492 3351 divinas
1504 3295 1636 3368 imagines
1648 3337 1656 3361 ,
1670 3306 1718 3353 aut

924 3382 1074 3440 friturormn
1100 3384 1272 3454 propheticas
1295 3384 1536 3454 praedicationes,
1559 3392 1607 3440 arrt
1630 3384 1722 3442 viriles

923 3471 987 3528 lesu
1001 3473 1107 3526 ‹lirioas
1120 3474 1254 3537 actiones,
1268 3480 1315 3529 aut
1328 3473 1446 3543 ipsorum
1459 3473 1651 3544 discipolorum
1667 3476 1724 3531 beo

925 3564 1036 3618 traditas
1049 3575 1076 3618 et
1091 3565 1137 3619 bei
1161 3564 1321 3621 imitatorias
1343 3566 1564 3621 eorrrematiooes
1581 3577 1609 3622 et
1630 3581 1724 3622 saems

924 3655 1073 3719 doctrinas,
1088 3664 1134 3709 aot
1149 3655 1281 3711 occultam
1296 3663 1323 3710 et
1339 3656 1481 3727 mysticam
1500 3656 1631 3713 visionem
1653 3657 1725 3728 ipsu·

925 3760 984 3799 rum
1007 3744 1198 3816 discipulorum
1217 3744 1429 3800 dilectissiml‘et
1449 3744 1531 3799 divini
1546 3761 1579 3798 ac
1591 3744 1723 3799 urlrabilis

924 3836 1169 3906 supermundanam
1196 3834 1258 3890 lesu
1283 3834 1442 3905 theologiam
1470 3837 1503 3888 ad
1524 3835 1722 3890 deificationem

924 3924 1081 3996 opportunis
1100 3925 1210 3979 nunciat
1224 3924 1246 3986 ⁸,
1265 3932 1294 3979 et
1307 3924 1394 3977 saeris
1409 3922 1551 3977 teletarum
1566 3932 1593 3976 et
1618 3921 1721 3979 deifor-

925 4018 1013 4072 mibus
1039 4016 1167 4086 anagogis
1196 4013 1348 4069 corradicat
1376 4020 1398 4066 ι.
1435 4011 1593 4067 llivioorom
1631 4021 1722 4069 autem

925 4115 1051 4164 eantonm
1074 4121 1151 4161 saera
1174 4104 1334 4176 Scriptura,
1360 4105 1537 4160 intentionem
1562 4103 1665 4162 babens
1693 4119 1723 4162 et

926 4198 1075 4265 theologias
1087 4207 1115 4252 et
1127 4198 1232 4252 ilirinas
1250 4198 1370 4251 actiones
1389 4211 1484 4252 orrrnes
1506 4197 1672 4268 hymnizare,
1697 4206 1726 4255 et

926 4290 1078 4345 divinorum
1089 4288 1209 4343 rlrorom
1225 4303 1316 4343 sacras
1328 4289 1465 4344 orationes
1476 4297 1504 4344 et
1514 4291 1725 4347 sacrifleationes

927 4383 1037 4439 larrdaro
1055 4422 1063 4443 ,
1083 4378 1262 4435 unirersalero
1288 4380 1352 4434 facit
1378 4380 1529 4434 divinornm
1551 4390 1671 4445 cantum,
1696 4389 1725 4436 ct

927 4473 1109 4526 narrationem
1127 4471 1160 4524 ad
1178 4471 1261 4526 totius
1281 4470 1446 4526 ierarchicae
1460 4470 1557 4526 teletas
1571 4472 1724 4542 susceptio·

929 4578 989 4617 oens
1016 4570 1044 4616 et
1068 4562 1260 4623 traditionem,
1279 4561 1400 4616 lrabitunr
1423 4558 1564 4631 pulchrum
1588 4560 1720 4627 elliciens,

85 4650 221 4721 splendide
251 4651 326 4704 nobis
361 4651 533 4706 manifestere
561 4655 594 4718 ¹,
620 4663 648 4708 ct
679 4655 873 4710 intellectuales
891 4626 1128 4707 Ddirioituseam
1143 4648 1411 4718 paritersanctum
1438 4650 1661 4721 igiturcontioua
1678 4667 1722 4707 sa·

87 4748 191 4793 nostros
204 4739 292 4793 rnltus
305 4738 430 4795 rtrrilormi
452 4749 480 4795 et
496 4756 549 4795 non
564 4742 655 4805 relato,
672 4742 771 4799 lrurrine
793 4745 874 4814 sapie.

87 4827 196 4899 Oportet
216 4829 297 4899 igion
317 4846 366 4886 nos
384 4830 571 4898 intusadcsse,
587 4835 833 4891 sacratissimorum
848 4845 876 4891 ct

89 4920 216 4975 invisibile
236 4922 315 4993 priori
339 4921 501 4993 agalmatum
526 4923 703 4988 denudantes,
729 4925 755 4981 ln
778 4926 876 4981 deifm·

89 5025 158 5064 menr
181 5011 237 5082 ejus
259 5010 484 5082 pulchritudinem
508 5013 663 5081 intendere,
687 5026 712 5071 et
740 5034 874 5074 erurrnmo

90 5101 250 5156 strenletem
272 5102 399 5156 diuinitus
421 5100 512 5158 ridere
538 5105 665 5161 adirino
688 5107 765 5162 altari
793 5124 877 5179 arsque

82 5199 204 5281 ⁸eatrerna
218 5191 307 5261 templi
326 5206 388 5246 cum
399 5192 474 5246 suari
488 5192 572 5248 odore
590 5195 751 5261 seuientem,
779 5208 806 5252 et
828 5200 877 5253 ite-

83 5278 189 5336 'namin
207 5282 265 5353 ipso
282 5282 429 5353 perfective
450 5285 639 5341 consistentem
668 5289 688 5343 ³.
720 5289 779 5359 ipsa
804 5292 876 5346 enim

82 5318 265 5448 isuperonrnia
287 5377 377 5432 divina
399 5377 546 5443 beatitudo,
569 5379 620 5434 etsi
645 5379 766 5437 borritate
786 5384 876 5438 diuina

94 5468 225 5539 pmreriat
234 5467 264 5523 in
275 5467 494 5541 participantium
504 5483 551 5524 sua
562 5474 639 5525 saera
650 5471 877 5535 communionem,

95 5558 140 5614 sel
152 5572 199 5612 raon
209 5565 284 5613 extra
297 5573 346 5628 per
360 5558 538 5615 substantiam
556 5560 751 5617 immutabilem
776 5544 876 5617 statum

927 4742 1140 4796 eratissimoroor
1155 4739 1325 4813 hymnologia
1340 4740 1470 4795 animales
1493 4750 1601 4798 nostros
1613 4742 1724 4798 lurlritus

927 4830 1088 4900 condignate
1107 4830 1280 4901 disposuerit,
1298 4830 1331 4884 ad
1344 4830 1424 4901 paulo
1439 4838 1500 4901 post
1521 4831 1656 4887 sacrificia
1678 4848 1726 4902 po·

928 4922 1026 4986 nenda,
1038 4931 1067 4976 et
1079 4920 1230 4975 dirinorom
1246 4929 1372 4975 cantuum
1387 4921 1564 4977 consonantia
1579 4924 1614 4978 ad
1633 4909 1725 4979 dirina'

927 5025 956 5077 ct
967 5016 1090 5085 nosipsos
1102 5026 1130 5071 et
1148 5016 1218 5071 inter
1241 5029 1290 5071 nos
1313 5014 1427 5073 inrieem
1450 5032 1622 5085 eonmnsum,
1645 5029 1675 5075 ut
1697 5021 1724 5077 iu

930 5122 982 5160 ona
1010 5115 1038 5160 et
1056 5104 1179 5161 coralessa
1207 5118 1345 5160 sacrorum
1368 5105 1477 5177 regione
1492 5107 1503 5138 ⁸
1517 5108 1726 5182 promulgarent

929 5197 1086 5251 coordinata
1110 5204 1139 5250 et
1161 5196 1354 5252 coadumbrata
1385 5198 1470 5270 inagis
1496 5199 1522 5251 in
1551 5198 1725 5254 intellectuali

930 5286 1094 5359 psalrmrum
1109 5284 1267 5356 psalmodia,
1282 5299 1331 5355 per
1345 5284 1435 5355 plores
1448 5292 1476 5339 et
1493 5287 1643 5356 apertiores
1657 5286 1726 5341 ima·

930 5382 1007 5451 gioes
1025 5390 1052 5433 er
1073 5364 1287 5450 praedicationes
1301 5378 1447 5434 dilatantur
1460 5376 1651 5435 sacratissimis
1662 5392 1726 5448 pro·

930 5472 1061 5527 fessararm
1074 5470 1305 5541 constructionum
1317 5467 1487 5526 lectionibus.
1499 5468 1529 5523 ln
1540 5468 1725 5540 laisaspiclcns

930 5575 1017 5625 sacre,
1035 5560 1136 5615 ridebit
1160 5559 1331 5615 uniformiter
1351 5572 1443 5625 unam,
1458 5556 1672 5628 inspirationem,
1694 5565 1725 5614 ut

741 5673 867 5728 lautae
885 5669 1087 5727 LECTlONES.

135 5758 264 5816 teberti.
302 5754 417 5833 'Coni.,
430 5763 664 5835 nonanoeane,
678 5765 721 5819 llll
733 5748 904 5832 rrrrrnifestnt.⁴
931 5753 977 5819 rh
999 5762 1170 5823 residentem,-
1191 5771 1216 5815 et
1237 5761 1566 5823 iterata-consistentem
1590 5779 1644 5824 om.
1669 5761 1724 5833 tall.

109 5830 264 5897 lnorrnrit,
282 5832 463 5889 ennarrans.
502 5835 764 5890 'Adeorradirurie
803 5836 873 5891 “Sic
892 5835 955 5901 .lE;
984 5831 1026 5887 bil
1045 5830 1169 5887 confessa
1191 5832 1314 5900 religione
1335 5848 1487 5888 sacrorum.
