<?xml version="1.0" encoding="UTF-8"?>
<!DOCTYPE html PUBLIC "-//W3C//DTD XHTML 1.0 Transitional//EN"
    "http://www.w3.org/TR/xhtml1/DTD/xhtml1-transitional.dtd">
<html xmlns="http://www.w3.org/1999/xhtml" xml:lang="en" lang="en">
 <head>
  <title>
</title>
<meta http-equiv="Content-Type" content="text/html;charset=utf-8" />
  <meta name='ocr-system' content='tesseract 3.04.00' />
  <meta name='ocr-capabilities' content='ocr_page ocr_carea ocr_par ocr_line ocrx_word'/>
</head>
<body>
  <div class='ocr_page' id='page_1' title='image "./operaquaesupers01flosgoog/operaquaesupers01flosgoog_0638.png"; bbox 0 0 4167 6625; ppageno 0'>
   <div class='ocr_carea' id='block_1_1' title="bbox 383 286 1949 363">
    <p class='ocr_par' dir='ltr' id='par_1_1' title="bbox 383 286 1949 363">
     <span class='ocr_line' id='line_1_1' title="bbox 383 286 1949 363; baseline 0.003 -16"><span class='ocrx_word' id='word_1_1' title='bbox 383 304 453 363; x_wconf 64' lang='lat' dir='ltr'>,m</span> <span class='ocrx_word' id='word_1_2' title='bbox 1054 286 1196 348; x_wconf 85' lang='lat' dir='ltr'>tutums</span> <span class='ocrx_word' id='word_1_3' title='bbox 1215 287 1314 346; x_wconf 86' lang='lat' dir='ltr'>scort</span> <span class='ocrx_word' id='word_1_4' title='bbox 1901 296 1949 356; x_wconf 87' lang='grc' dir='ltr'>ιιιι</span> 
     </span>
    </p>
   </div>
   <div class='ocr_carea' id='block_1_2' title="bbox 368 397 1954 4911">
    <p class='ocr_par' dir='ltr' id='par_1_2' title="bbox 758 397 1949 470">
     <span class='ocr_line' id='line_1_2' title="bbox 758 397 1949 470; baseline 0.005 -19"><span class='ocrx_word' id='word_1_5' title='bbox 758 405 800 462; x_wconf 81' lang='lat' dir='ltr'>vl.</span> <span class='ocrx_word' id='word_1_6' title='bbox 1184 397 1413 462; x_wconf 74' lang='lat' dir='ltr'>Atranseendere</span> <span class='ocrx_word' id='word_1_7' title='bbox 1436 397 1631 454; x_wconf 71' lang='lat' dir='ltr'>ordinationem</span> <span class='ocrx_word' id='word_1_8' title='bbox 1660 405 1688 452; x_wconf 86' lang='lat' dir='ltr'>ct</span> <span class='ocrx_word' id='word_1_9' title='bbox 1715 399 1861 470; x_wconf 73' lang='lat' dir='ltr'>musam,</span> <span class='ocrx_word' id='word_1_10' title='bbox 1878 404 1897 461; x_wconf 89' lang='lat' dir='ltr'>ti</span> <span class='ocrx_word' id='word_1_11' title='bbox 1912 419 1949 469; x_wconf 60' lang='grc' dir='ltr'>η</span> 
     </span>
    </p>

    <p class='ocr_par' dir='ltr' id='par_1_3' title="bbox 631 487 1950 565">
     <span class='ocr_line' id='line_1_3' title="bbox 631 487 1950 565; baseline -0.008 -12"><span class='ocrx_word' id='word_1_12' title='bbox 631 495 767 565; x_wconf 80' lang='lat' dir='ltr'>Sosipnlro</span> <span class='ocrx_word' id='word_1_13' title='bbox 785 492 925 549; x_wconf 82' lang='lat' dir='ltr'>sacerdoti.</span> <span class='ocrx_word' id='word_1_14' title='bbox 1221 487 1310 557; x_wconf 88' lang='lat' dir='ltr'>ipsum</span> <span class='ocrx_word' id='word_1_15' title='bbox 1324 488 1430 543; x_wconf 87' lang='lat' dir='ltr'>essendi</span> <span class='ocrx_word' id='word_1_16' title='bbox 1446 487 1530 558; x_wconf 89' lang='lat' dir='ltr'>ipsam</span> <span class='ocrx_word' id='word_1_17' title='bbox 1549 496 1577 543; x_wconf 93' lang='lat' dir='ltr'>et</span> <span class='ocrx_word' id='word_1_18' title='bbox 1597 489 1667 544; x_wconf 85' lang='lat' dir='ltr'>bene</span> <span class='ocrx_word' id='word_1_19' title='bbox 1685 490 1843 557; x_wconf 78' lang='lat' dir='ltr'>eminentem,</span> <span class='ocrx_word' id='word_1_20' title='bbox 1852 505 1875 550; x_wconf 86' lang='lat' dir='ltr'>st</span> <span class='ocrx_word' id='word_1_21' title='bbox 1885 512 1950 554; x_wconf 62' lang='lat' dir='ltr'>em.</span> 
     </span>
    </p>

    <p class='ocr_par' dir='ltr' id='par_1_4' title="bbox 374 575 1954 1635">
     <span class='ocr_line' id='line_1_4' title="bbox 417 575 1949 650; baseline -0.005 -4"><span class='ocrx_word' id='word_1_22' title='bbox 417 590 476 647; x_wconf 84' lang='lat' dir='ltr'>Noli</span> <span class='ocrx_word' id='word_1_23' title='bbox 489 588 541 645; x_wconf 87' lang='lat' dir='ltr'>lroe</span> <span class='ocrx_word' id='word_1_24' title='bbox 553 587 699 642; x_wconf 88' lang='lat' dir='ltr'>aestimare</span> <span class='ocrx_word' id='word_1_25' title='bbox 712 583 865 645; x_wconf 84' lang='lat' dir='ltr'>uictoriam,</span> <span class='ocrx_word' id='word_1_26' title='bbox 880 593 959 638; x_wconf 84' lang='lat' dir='ltr'>moer</span> <span class='ocrx_word' id='word_1_27' title='bbox 973 578 1123 650; x_wconf 83' lang='lat' dir='ltr'>Sosipater,</span> <span class='ocrx_word' id='word_1_28' title='bbox 1142 577 1171 633; x_wconf 93' lang='lat' dir='ltr'>ln</span> <span class='ocrx_word' id='word_1_29' title='bbox 1221 575 1275 632; x_wconf 90' lang='lat' dir='ltr'>lem</span> <span class='ocrx_word' id='word_1_30' title='bbox 1296 577 1438 633; x_wconf 84' lang='lat' dir='ltr'>habuisset</span> <span class='ocrx_word' id='word_1_31' title='bbox 1456 577 1485 632; x_wconf 94' lang='lat' dir='ltr'>in</span> <span class='ocrx_word' id='word_1_32' title='bbox 1506 576 1559 633; x_wconf 85' lang='lat' dir='ltr'>hoc</span> <span class='ocrx_word' id='word_1_33' title='bbox 1573 585 1742 643; x_wconf 78' lang='lat' dir='ltr'>moventem,</span> <span class='ocrx_word' id='word_1_34' title='bbox 1759 579 1949 645; x_wconf 76' lang='lat' dir='ltr'>ladentenauab</span> 
     </span>
     <span class='ocr_line' id='line_1_5' title="bbox 380 663 1950 750; baseline -0.011 -14"><span class='ocrx_word' id='word_1_35' title='bbox 380 679 538 750; x_wconf 89' lang='lat' dir='ltr'>religionem</span> <span class='ocrx_word' id='word_1_36' title='bbox 550 683 597 730; x_wconf 87' lang='lat' dir='ltr'>attt</span> <span class='ocrx_word' id='word_1_37' title='bbox 609 673 722 745; x_wconf 87' lang='lat' dir='ltr'>gloriam</span> <span class='ocrx_word' id='word_1_38' title='bbox 734 670 861 742; x_wconf 78' lang='lat' dir='ltr'>iniuriam</span> <span class='ocrx_word' id='word_1_39' title='bbox 874 670 964 726; x_wconf 86' lang='lat' dir='ltr'>lacere</span> <span class='ocrx_word' id='word_1_40' title='bbox 976 667 1030 724; x_wconf 91' lang='lat' dir='ltr'>noli</span> <span class='ocrx_word' id='word_1_41' title='bbox 1041 669 1170 738; x_wconf 86' lang='lat' dir='ltr'>optimam</span> <span class='ocrx_word' id='word_1_42' title='bbox 1220 672 1249 720; x_wconf 88' lang='lat' dir='ltr'>et</span> <span class='ocrx_word' id='word_1_43' title='bbox 1277 663 1515 721; x_wconf 75' lang='lat' dir='ltr'>transformantem</span> <span class='ocrx_word' id='word_1_44' title='bbox 1543 665 1691 721; x_wconf 81' lang='lat' dir='ltr'>secuudum</span> <span class='ocrx_word' id='word_1_45' title='bbox 1716 682 1815 723; x_wconf 85' lang='lat' dir='ltr'>sacrum</span> <span class='ocrx_word' id='word_1_46' title='bbox 1836 674 1950 731; x_wconf 65' lang='lat' dir='ltr'>rubent,</span> 
     </span>
     <span class='ocr_line' id='line_1_6' title="bbox 379 753 1950 834; baseline -0.007 -10"><span class='ocrx_word' id='word_1_47' title='bbox 379 767 564 825; x_wconf 73' lang='lat' dir='ltr'>nanifestam.</span> <span class='ocrx_word' id='word_1_48' title='bbox 591 763 685 834; x_wconf 82' lang='lat' dir='ltr'>Neque</span> <span class='ocrx_word' id='word_1_49' title='bbox 707 763 779 818; x_wconf 89' lang='lat' dir='ltr'>enim</span> <span class='ocrx_word' id='word_1_50' title='bbox 804 768 911 832; x_wconf 88' lang='lat' dir='ltr'>oportet</span> <span class='ocrx_word' id='word_1_51' title='bbox 934 758 1084 829; x_wconf 81' lang='lat' dir='ltr'>judicatam</span> <span class='ocrx_word' id='word_1_52' title='bbox 1109 772 1170 812; x_wconf 86' lang='lat' dir='ltr'>eam</span> <span class='ocrx_word' id='word_1_53' title='bbox 1220 753 1460 823; x_wconf 77' lang='lat' dir='ltr'>Quomodojgiutr</span> <span class='ocrx_word' id='word_1_54' title='bbox 1479 768 1531 809; x_wconf 88' lang='lat' dir='ltr'>non</span> <span class='ocrx_word' id='word_1_55' title='bbox 1554 753 1620 809; x_wconf 90' lang='lat' dir='ltr'>colit</span> <span class='ocrx_word' id='word_1_56' title='bbox 1640 755 1799 826; x_wconf 83' lang='lat' dir='ltr'>incognitum</span> <span class='ocrx_word' id='word_1_57' title='bbox 1816 759 1950 827; x_wconf 62' lang='lat' dir='ltr'>culinen</span> 
     </span>
     <span class='ocr_line' id='line_1_7' title="bbox 379 843 1952 929; baseline -0.007 -16"><span class='ocrx_word' id='word_1_58' title='bbox 379 860 538 929; x_wconf 85' lang='lat' dir='ltr'>redarguas,</span> <span class='ocrx_word' id='word_1_59' title='bbox 555 854 613 924; x_wconf 83' lang='lat' dir='ltr'>lam</span> <span class='ocrx_word' id='word_1_60' title='bbox 626 853 758 924; x_wconf 79' lang='lat' dir='ltr'>sosipatri</span> <span class='ocrx_word' id='word_1_61' title='bbox 772 853 853 909; x_wconf 86' lang='lat' dir='ltr'>bona.</span> <span class='ocrx_word' id='word_1_62' title='bbox 866 848 998 905; x_wconf 80' lang='lat' dir='ltr'>Possihile</span> <span class='ocrx_word' id='word_1_63' title='bbox 1010 849 1084 903; x_wconf 87' lang='lat' dir='ltr'>enim</span> <span class='ocrx_word' id='word_1_64' title='bbox 1097 856 1125 901; x_wconf 92' lang='lat' dir='ltr'>et</span> <span class='ocrx_word' id='word_1_65' title='bbox 1144 856 1170 901; x_wconf 91' lang='lat' dir='ltr'>te</span> <span class='ocrx_word' id='word_1_66' title='bbox 1220 845 1273 900; x_wconf 91' lang='lat' dir='ltr'>hoc</span> <span class='ocrx_word' id='word_1_67' title='bbox 1299 852 1328 900; x_wconf 91' lang='lat' dir='ltr'>et</span> <span class='ocrx_word' id='word_1_68' title='bbox 1348 858 1412 900; x_wconf 83' lang='lat' dir='ltr'>vere</span> <span class='ocrx_word' id='word_1_69' title='bbox 1432 843 1614 907; x_wconf 84' lang='lat' dir='ltr'>existentem,</span> <span class='ocrx_word' id='word_1_70' title='bbox 1644 852 1673 900; x_wconf 92' lang='lat' dir='ltr'>et</span> <span class='ocrx_word' id='word_1_71' title='bbox 1702 860 1764 900; x_wconf 82' lang='lat' dir='ltr'>vere</span> <span class='ocrx_word' id='word_1_72' title='bbox 1791 846 1861 903; x_wconf 83' lang='lat' dir='ltr'>heum</span> <span class='ocrx_word' id='word_1_73' title='bbox 1883 853 1952 909; x_wconf 68' lang='lat' dir='ltr'>dnae</span> 
     </span>
     <span class='ocr_line' id='line_1_8' title="bbox 377 932 1951 1004; baseline -0.005 -2"><span class='ocrx_word' id='word_1_74' title='bbox 377 956 406 1002; x_wconf 91' lang='lat' dir='ltr'>et</span> <span class='ocrx_word' id='word_1_75' title='bbox 418 946 486 1001; x_wconf 83' lang='lat' dir='ltr'>allos</span> <span class='ocrx_word' id='word_1_76' title='bbox 498 943 598 1000; x_wconf 91' lang='lat' dir='ltr'>multos</span> <span class='ocrx_word' id='word_1_77' title='bbox 611 942 687 998; x_wconf 88' lang='lat' dir='ltr'>lalsis</span> <span class='ocrx_word' id='word_1_78' title='bbox 706 949 735 998; x_wconf 90' lang='lat' dir='ltr'>et</span> <span class='ocrx_word' id='word_1_79' title='bbox 752 939 903 996; x_wconf 71' lang='lat' dir='ltr'>manifestis</span> <span class='ocrx_word' id='word_1_80' title='bbox 928 953 1010 992; x_wconf 86' lang='lat' dir='ltr'>unum</span> <span class='ocrx_word' id='word_1_81' title='bbox 1029 933 1058 992; x_wconf 78' lang='lat' dir='ltr'>is</span> <span class='ocrx_word' id='word_1_82' title='bbox 1074 944 1103 992; x_wconf 87' lang='lat' dir='ltr'>et</span> <span class='ocrx_word' id='word_1_83' title='bbox 1122 948 1169 990; x_wconf 89' lang='lat' dir='ltr'>oo·</span> <span class='ocrx_word' id='word_1_84' title='bbox 1218 949 1280 991; x_wconf 82' lang='lat' dir='ltr'>euin</span> <span class='ocrx_word' id='word_1_85' title='bbox 1307 933 1492 992; x_wconf 86' lang='lat' dir='ltr'>causalissima</span> <span class='ocrx_word' id='word_1_86' title='bbox 1517 943 1545 989; x_wconf 90' lang='lat' dir='ltr'>et</span> <span class='ocrx_word' id='word_1_87' title='bbox 1569 932 1778 1004; x_wconf 74' lang='lat' dir='ltr'>superineffabili</span> <span class='ocrx_word' id='word_1_88' title='bbox 1805 937 1897 1004; x_wconf 89' lang='lat' dir='ltr'>rirtute,</span> <span class='ocrx_word' id='word_1_89' title='bbox 1911 958 1951 998; x_wconf 79' lang='grc' dir='ltr'>ιιι</span> 
     </span>
     <span class='ocr_line' id='line_1_9' title="bbox 377 1022 1952 1103; baseline -0.006 -10"><span class='ocrx_word' id='word_1_90' title='bbox 377 1037 481 1094; x_wconf 86' lang='lat' dir='ltr'>enltma</span> <span class='ocrx_word' id='word_1_91' title='bbox 507 1050 601 1091; x_wconf 82' lang='lat' dir='ltr'>remum</span> <span class='ocrx_word' id='word_1_92' title='bbox 629 1034 725 1091; x_wconf 83' lang='lat' dir='ltr'>latere.</span> <span class='ocrx_word' id='word_1_93' title='bbox 755 1031 849 1103; x_wconf 81' lang='lat' dir='ltr'>Neque</span> <span class='ocrx_word' id='word_1_94' title='bbox 871 1030 944 1085; x_wconf 89' lang='lat' dir='ltr'>enim</span> <span class='ocrx_word' id='word_1_95' title='bbox 973 1028 996 1084; x_wconf 91' lang='lat' dir='ltr'>si</span> <span class='ocrx_word' id='word_1_96' title='bbox 1023 1027 1087 1096; x_wconf 82' lang='lat' dir='ltr'>qnid</span> <span class='ocrx_word' id='word_1_97' title='bbox 1115 1041 1168 1082; x_wconf 83' lang='lat' dir='ltr'>lton</span> <span class='ocrx_word' id='word_1_98' title='bbox 1219 1024 1260 1080; x_wconf 89' lang='lat' dir='ltr'>sol</span> <span class='ocrx_word' id='word_1_99' title='bbox 1277 1025 1312 1080; x_wconf 90' lang='lat' dir='ltr'>ab</span> <span class='ocrx_word' id='word_1_100' title='bbox 1335 1025 1394 1095; x_wconf 84' lang='lat' dir='ltr'>ipso</span> <span class='ocrx_word' id='word_1_101' title='bbox 1414 1031 1443 1080; x_wconf 89' lang='lat' dir='ltr'>et</span> <span class='ocrx_word' id='word_1_102' title='bbox 1465 1023 1529 1078; x_wconf 87' lang='lat' dir='ltr'>luna</span> <span class='ocrx_word' id='word_1_103' title='bbox 1551 1022 1700 1080; x_wconf 86' lang='lat' dir='ltr'>secundum</span> <span class='ocrx_word' id='word_1_104' title='bbox 1718 1025 1952 1088; x_wconf 75' lang='lat' dir='ltr'>uirtutemnstatu</span> 
     </span>
     <span class='ocr_line' id='line_1_10' title="bbox 378 1112 1953 1198; baseline -0.01 -13"><span class='ocrx_word' id='word_1_105' title='bbox 378 1130 503 1193; x_wconf 89' lang='lat' dir='ltr'>rubeum,</span> <span class='ocrx_word' id='word_1_106' title='bbox 519 1126 694 1198; x_wconf 84' lang='lat' dir='ltr'>jamalhum,</span> <span class='ocrx_word' id='word_1_107' title='bbox 723 1123 746 1180; x_wconf 92' lang='lat' dir='ltr'>si</span> <span class='ocrx_word' id='word_1_108' title='bbox 763 1123 825 1192; x_wconf 91' lang='lat' dir='ltr'>quis</span> <span class='ocrx_word' id='word_1_109' title='bbox 839 1134 892 1176; x_wconf 91' lang='lat' dir='ltr'>nmt</span> <span class='ocrx_word' id='word_1_110' title='bbox 908 1131 1058 1190; x_wconf 62' lang='lat' dir='ltr'>squamea</span> <span class='ocrx_word' id='word_1_111' title='bbox 1076 1131 1170 1171; x_wconf 88' lang='lat' dir='ltr'>neces·</span> <span class='ocrx_word' id='word_1_112' title='bbox 1218 1113 1532 1184; x_wconf 84' lang='lat' dir='ltr'>sttpernaturalissimum</span> <span class='ocrx_word' id='word_1_113' title='bbox 1561 1112 1644 1168; x_wconf 86' lang='lat' dir='ltr'>simul</span> <span class='ocrx_word' id='word_1_114' title='bbox 1674 1113 1797 1170; x_wconf 78' lang='lat' dir='ltr'>universo</span> <span class='ocrx_word' id='word_1_115' title='bbox 1825 1115 1854 1171; x_wconf 84' lang='lat' dir='ltr'>at</span> <span class='ocrx_word' id='word_1_116' title='bbox 1879 1121 1953 1175; x_wconf 80' lang='lat' dir='ltr'>unuin</span> 
     </span>
     <span class='ocr_line' id='line_1_11' title="bbox 375 1201 1953 1276; baseline -0.008 -2"><span class='ocrx_word' id='word_1_117' title='bbox 375 1218 457 1274; x_wconf 81' lang='lat' dir='ltr'>ritate</span> <span class='ocrx_word' id='word_1_118' title='bbox 472 1218 564 1274; x_wconf 89' lang='lat' dir='ltr'>homo.</span> <span class='ocrx_word' id='word_1_119' title='bbox 587 1216 634 1272; x_wconf 82' lang='lat' dir='ltr'>Sic</span> <span class='ocrx_word' id='word_1_120' title='bbox 645 1224 735 1271; x_wconf 86' lang='lat' dir='ltr'>autern</span> <span class='ocrx_word' id='word_1_121' title='bbox 752 1212 846 1276; x_wconf 85' lang='lat' dir='ltr'>iacies,</span> <span class='ocrx_word' id='word_1_122' title='bbox 860 1209 926 1266; x_wconf 90' lang='lat' dir='ltr'>mihi</span> <span class='ocrx_word' id='word_1_123' title='bbox 940 1208 1065 1272; x_wconf 88' lang='lat' dir='ltr'>credens,</span> <span class='ocrx_word' id='word_1_124' title='bbox 1082 1206 1169 1261; x_wconf 82' lang='lat' dir='ltr'>dimit·</span> <span class='ocrx_word' id='word_1_125' title='bbox 1218 1203 1358 1259; x_wconf 80' lang='lat' dir='ltr'>imittohile</span> <span class='ocrx_word' id='word_1_126' title='bbox 1376 1201 1554 1269; x_wconf 85' lang='lat' dir='ltr'>deliniuntur,</span> <span class='ocrx_word' id='word_1_127' title='bbox 1577 1211 1607 1257; x_wconf 88' lang='lat' dir='ltr'>et</span> <span class='ocrx_word' id='word_1_128' title='bbox 1627 1204 1656 1257; x_wconf 90' lang='lat' dir='ltr'>in</span> <span class='ocrx_word' id='word_1_129' title='bbox 1680 1218 1826 1260; x_wconf 73' lang='lat' dir='ltr'>mensuram</span> <span class='ocrx_word' id='word_1_130' title='bbox 1842 1205 1884 1262; x_wconf 84' lang='lat' dir='ltr'>diei</span> <span class='ocrx_word' id='word_1_131' title='bbox 1899 1211 1953 1266; x_wconf 76' lang='lat' dir='ltr'>ntis</span> 
     </span>
     <span class='ocr_line' id='line_1_12' title="bbox 376 1291 1954 1377; baseline -0.008 -15"><span class='ocrx_word' id='word_1_132' title='bbox 376 1316 418 1361; x_wconf 87' lang='lat' dir='ltr'>tes</span> <span class='ocrx_word' id='word_1_133' title='bbox 431 1305 541 1377; x_wconf 91' lang='lat' dir='ltr'>quidem</span> <span class='ocrx_word' id='word_1_134' title='bbox 555 1305 607 1361; x_wconf 93' lang='lat' dir='ltr'>hoc</span> <span class='ocrx_word' id='word_1_135' title='bbox 621 1303 768 1360; x_wconf 83' lang='lat' dir='ltr'>secundnm</span> <span class='ocrx_word' id='word_1_136' title='bbox 787 1300 855 1356; x_wconf 90' lang='lat' dir='ltr'>nlius</span> <span class='ocrx_word' id='word_1_137' title='bbox 873 1299 976 1361; x_wconf 89' lang='lat' dir='ltr'>dicere,</span> <span class='ocrx_word' id='word_1_138' title='bbox 992 1297 1168 1368; x_wconf 86' lang='lat' dir='ltr'>proteritate</span> <span class='ocrx_word' id='word_1_139' title='bbox 1219 1293 1246 1347; x_wconf 92' lang='lat' dir='ltr'>in</span> <span class='ocrx_word' id='word_1_140' title='bbox 1268 1291 1370 1348; x_wconf 85' lang='lat' dir='ltr'>eisdem</span> <span class='ocrx_word' id='word_1_141' title='bbox 1391 1300 1466 1346; x_wconf 91' lang='lat' dir='ltr'>stant</span> <span class='ocrx_word' id='word_1_142' title='bbox 1485 1292 1577 1346; x_wconf 76' lang='lat' dir='ltr'>samnia</span> <span class='ocrx_word' id='word_1_143' title='bbox 1590 1291 1863 1363; x_wconf 66' lang='lat' dir='ltr'>signis‘lhut,quod</span> <span class='ocrx_word' id='word_1_144' title='bbox 1878 1310 1903 1350; x_wconf 83' lang='lat' dir='ltr'>cu</span> <span class='ocrx_word' id='word_1_145' title='bbox 1916 1313 1954 1354; x_wconf 60' lang='lat' dir='ltr'>aa</span> 
     </span>
     <span class='ocr_line' id='line_1_13' title="bbox 375 1381 1951 1466; baseline -0.004 -16"><span class='ocrx_word' id='word_1_146' title='bbox 375 1404 465 1452; x_wconf 82' lang='lat' dir='ltr'>autem</span> <span class='ocrx_word' id='word_1_147' title='bbox 480 1409 543 1451; x_wconf 87' lang='lat' dir='ltr'>rere</span> <span class='ocrx_word' id='word_1_148' title='bbox 560 1395 643 1459; x_wconf 88' lang='lat' dir='ltr'>dices,</span> <span class='ocrx_word' id='word_1_149' title='bbox 659 1391 786 1448; x_wconf 86' lang='lat' dir='ltr'>sicontni</span> <span class='ocrx_word' id='word_1_150' title='bbox 805 1390 958 1446; x_wconf 89' lang='lat' dir='ltr'>modoesse</span> <span class='ocrx_word' id='word_1_151' title='bbox 972 1385 1168 1457; x_wconf 83' lang='lat' dir='ltr'>irreprebensi-</span> <span class='ocrx_word' id='word_1_152' title='bbox 1218 1382 1309 1451; x_wconf 93' lang='lat' dir='ltr'>plius,</span> <span class='ocrx_word' id='word_1_153' title='bbox 1341 1381 1475 1466; x_wconf 58' lang='lat' dir='ltr'>Qm</span> <span class='ocrx_word' id='word_1_154' title='bbox 1505 1382 1632 1438; x_wconf 91' lang='lat' dir='ltr'>omuibus</span> <span class='ocrx_word' id='word_1_155' title='bbox 1655 1390 1685 1439; x_wconf 89' lang='lat' dir='ltr'>et</span> <span class='ocrx_word' id='word_1_156' title='bbox 1707 1383 1851 1441; x_wconf 84' lang='lat' dir='ltr'>melioribus</span> <span class='ocrx_word' id='word_1_157' title='bbox 1868 1396 1889 1441; x_wconf 90' lang='lat' dir='ltr'>et</span> <span class='ocrx_word' id='word_1_158' title='bbox 1909 1403 1951 1443; x_wconf 76' lang='lat' dir='ltr'>us</span> 
     </span>
     <span class='ocr_line' id='line_1_14' title="bbox 374 1473 1953 1560; baseline -0.007 -17"><span class='ocrx_word' id='word_1_159' title='bbox 374 1489 438 1546; x_wconf 86' lang='lat' dir='ltr'>bilia</span> <span class='ocrx_word' id='word_1_160' title='bbox 458 1504 529 1560; x_wconf 89' lang='lat' dir='ltr'>quae</span> <span class='ocrx_word' id='word_1_161' title='bbox 545 1489 617 1545; x_wconf 88' lang='lat' dir='ltr'>dieta</span> <span class='ocrx_word' id='word_1_162' title='bbox 635 1495 708 1542; x_wconf 90' lang='lat' dir='ltr'>sunt.</span> <span class='ocrx_word' id='word_1_163' title='bbox 1219 1473 1367 1529; x_wconf 76' lang='lat' dir='ltr'>tinemmus</span> <span class='ocrx_word' id='word_1_164' title='bbox 1380 1474 1389 1504; x_wconf 93' lang='lat'>¹</span> <span class='ocrx_word' id='word_1_165' title='bbox 1403 1473 1444 1528; x_wconf 85' lang='lat' dir='ltr'>sic</span> <span class='ocrx_word' id='word_1_166' title='bbox 1463 1473 1567 1529; x_wconf 81' lang='lat' dir='ltr'>erectis</span> <span class='ocrx_word' id='word_1_167' title='bbox 1587 1488 1643 1530; x_wconf 92' lang='lat' dir='ltr'>non</span> <span class='ocrx_word' id='word_1_168' title='bbox 1663 1474 1839 1530; x_wconf 83' lang='lat' dir='ltr'>circumducta</span> <span class='ocrx_word' id='word_1_169' title='bbox 1855 1485 1953 1547; x_wconf 74' lang='lat' dir='ltr'>suntque</span> 
     </span>
     <span class='ocr_line' id='line_1_15' title="bbox 747 1563 1952 1635; baseline 0.004 -14"><span class='ocrx_word' id='word_1_170' title='bbox 747 1574 803 1631; x_wconf 78' lang='lat' dir='ltr'>vll,</span> <span class='ocrx_word' id='word_1_171' title='bbox 1217 1564 1410 1621; x_wconf 88' lang='lat' dir='ltr'>continenturl</span> <span class='ocrx_word' id='word_1_172' title='bbox 1431 1564 1465 1620; x_wconf 83' lang='lat' dir='ltr'>lit</span> <span class='ocrx_word' id='word_1_173' title='bbox 1496 1579 1559 1620; x_wconf 85' lang='lat' dir='ltr'>eum</span> <span class='ocrx_word' id='word_1_174' title='bbox 1588 1563 1644 1620; x_wconf 88' lang='lat' dir='ltr'>alia</span> <span class='ocrx_word' id='word_1_175' title='bbox 1671 1566 1800 1635; x_wconf 84' lang='lat' dir='ltr'>quaedam</span> <span class='ocrx_word' id='word_1_176' title='bbox 1822 1568 1871 1623; x_wconf 88' lang='lat' dir='ltr'>dies</span> <span class='ocrx_word' id='word_1_177' title='bbox 1889 1583 1952 1626; x_wconf 77' lang='lat' dir='ltr'>suu</span> 
     </span>
    </p>

    <p class='ocr_par' dir='ltr' id='par_1_5' title="bbox 557 1653 1953 1737">
     <span class='ocr_line' id='line_1_16' title="bbox 557 1653 1953 1737; baseline -0.011 -13"><span class='ocrx_word' id='word_1_178' title='bbox 557 1668 704 1737; x_wconf 83' lang='lat' dir='ltr'>Polpcerpo</span> <span class='ocrx_word' id='word_1_179' title='bbox 720 1679 822 1721; x_wconf 78' lang='lat' dir='ltr'>tammo</span> <span class='ocrx_word' id='word_1_180' title='bbox 840 1663 981 1719; x_wconf 68' lang='lat' dir='ltr'>anemuri.</span> <span class='ocrx_word' id='word_1_181' title='bbox 1218 1656 1282 1712; x_wconf 92' lang='lat' dir='ltr'>dum</span> <span class='ocrx_word' id='word_1_182' title='bbox 1300 1655 1506 1712; x_wconf 73' lang='lat' dir='ltr'>continuitatem</span> <span class='ocrx_word' id='word_1_183' title='bbox 1529 1653 1586 1711; x_wconf 79' lang='lat' dir='ltr'>lere</span> <span class='ocrx_word' id='word_1_184' title='bbox 1609 1655 1778 1726; x_wconf 84' lang='lat' dir='ltr'>triplicatur,</span> <span class='ocrx_word' id='word_1_185' title='bbox 1802 1667 1828 1712; x_wconf 86' lang='lat' dir='ltr'>et</span> <span class='ocrx_word' id='word_1_186' title='bbox 1853 1659 1953 1727; x_wconf 74' lang='lat' dir='ltr'>briigml</span> 
     </span>
    </p>

    <p class='ocr_par' dir='ltr' id='par_1_6' title="bbox 368 1734 1954 4911">
     <span class='ocr_line' id='line_1_17' title="bbox 408 1734 1953 1831; baseline -0.009 -15"><span class='ocrx_word' id='word_1_187' title='bbox 408 1757 467 1830; x_wconf 75' lang='lat' dir='ltr'>ego</span> <span class='ocrx_word' id='word_1_188' title='bbox 480 1759 590 1831; x_wconf 89' lang='lat' dir='ltr'>quidem</span> <span class='ocrx_word' id='word_1_189' title='bbox 604 1759 694 1813; x_wconf 90' lang='lat' dir='ltr'>nescio</span> <span class='ocrx_word' id='word_1_190' title='bbox 709 1757 743 1812; x_wconf 81' lang='lat' dir='ltr'>ad</span> <span class='ocrx_word' id='word_1_191' title='bbox 758 1756 876 1812; x_wconf 86' lang='lat' dir='ltr'>Graecos</span> <span class='ocrx_word' id='word_1_192' title='bbox 890 1764 939 1810; x_wconf 91' lang='lat' dir='ltr'>aut</span> <span class='ocrx_word' id='word_1_193' title='bbox 951 1754 1051 1809; x_wconf 86' lang='lat' dir='ltr'>alteros</span> <span class='ocrx_word' id='word_1_194' title='bbox 1061 1753 1165 1817; x_wconf 84' lang='lat' dir='ltr'>dicem,</span> <span class='ocrx_word' id='word_1_195' title='bbox 1181 1734 1344 1803; x_wconf 78' lang='lat' dir='ltr'>Bonrrlbus</span> <span class='ocrx_word' id='word_1_196' title='bbox 1368 1746 1444 1803; x_wconf 87' lang='lat' dir='ltr'>horis</span> <span class='ocrx_word' id='word_1_197' title='bbox 1467 1746 1518 1813; x_wconf 89' lang='lat' dir='ltr'>lit,</span> <span class='ocrx_word' id='word_1_198' title='bbox 1544 1749 1617 1817; x_wconf 82' lang='lat' dir='ltr'>qaod</span> <span class='ocrx_word' id='word_1_199' title='bbox 1639 1762 1696 1804; x_wconf 80' lang='lat' dir='ltr'>non</span> <span class='ocrx_word' id='word_1_200' title='bbox 1715 1748 1788 1804; x_wconf 90' lang='lat' dir='ltr'>omni</span> <span class='ocrx_word' id='word_1_201' title='bbox 1809 1755 1906 1817; x_wconf 76' lang='lat' dir='ltr'>tenpore</span> <span class='ocrx_word' id='word_1_202' title='bbox 1919 1751 1953 1802; x_wconf 80' lang='lat' dir='ltr'>ms</span> 
     </span>
     <span class='ocr_line' id='line_1_18' title="bbox 373 1837 1953 1916; baseline -0.01 -8"><span class='ocrx_word' id='word_1_203' title='bbox 373 1848 498 1908; x_wconf 83' lang='lat' dir='ltr'>tulllcere</span> <span class='ocrx_word' id='word_1_204' title='bbox 518 1850 654 1904; x_wconf 90' lang='lat' dir='ltr'>arbitrans</span> <span class='ocrx_word' id='word_1_205' title='bbox 675 1847 787 1916; x_wconf 87' lang='lat' dir='ltr'>optimis</span> <span class='ocrx_word' id='word_1_206' title='bbox 804 1846 886 1910; x_wconf 82' lang='lat' dir='ltr'>siris,</span> <span class='ocrx_word' id='word_1_207' title='bbox 905 1845 1036 1900; x_wconf 75' lang='lat' dir='ltr'>sinerum</span> <span class='ocrx_word' id='word_1_208' title='bbox 1057 1844 1092 1898; x_wconf 86' lang='lat' dir='ltr'>ab</span> <span class='ocrx_word' id='word_1_209' title='bbox 1109 1844 1166 1912; x_wconf 87' lang='lat' dir='ltr'>ipsu</span> <span class='ocrx_word' id='word_1_210' title='bbox 1217 1838 1371 1893; x_wconf 84' lang='lat' dir='ltr'>contrarias</span> <span class='ocrx_word' id='word_1_211' title='bbox 1391 1837 1462 1894; x_wconf 91' lang='lat' dir='ltr'>redit</span> <span class='ocrx_word' id='word_1_212' title='bbox 1482 1848 1511 1894; x_wconf 88' lang='lat' dir='ltr'>et</span> <span class='ocrx_word' id='word_1_213' title='bbox 1529 1840 1678 1895; x_wconf 74' lang='lat' dir='ltr'>reuertitur</span> <span class='ocrx_word' id='word_1_214' title='bbox 1692 1857 1700 1894; x_wconf 78' lang='lat' dir='ltr'><strong><em>z</em></strong></span> <span class='ocrx_word' id='word_1_215' title='bbox 1713 1840 1754 1895; x_wconf 90' lang='lat' dir='ltr'>sic</span> <span class='ocrx_word' id='word_1_216' title='bbox 1782 1838 1850 1894; x_wconf 79' lang='lat' dir='ltr'>valde</span> <span class='ocrx_word' id='word_1_217' title='bbox 1867 1853 1953 1911; x_wconf 65' lang='lat' dir='ltr'>sapum</span> 
     </span>
     <span class='ocr_line' id='line_1_19' title="bbox 378 1930 1953 2012; baseline -0.007 -16"><span class='ocrx_word' id='word_1_218' title='bbox 378 1941 406 1996; x_wconf 92' lang='lat' dir='ltr'>in</span> <span class='ocrx_word' id='word_1_219' title='bbox 422 1941 511 2012; x_wconf 88' lang='lat' dir='ltr'>seipso</span> <span class='ocrx_word' id='word_1_220' title='bbox 523 1940 660 2011; x_wconf 89' lang='lat' dir='ltr'>potuerint</span> <span class='ocrx_word' id='word_1_221' title='bbox 673 1948 701 1994; x_wconf 88' lang='lat' dir='ltr'>et</span> <span class='ocrx_word' id='word_1_222' title='bbox 714 1950 879 2009; x_wconf 87' lang='lat' dir='ltr'>cognoscere</span> <span class='ocrx_word' id='word_1_223' title='bbox 890 1944 918 1992; x_wconf 92' lang='lat' dir='ltr'>et</span> <span class='ocrx_word' id='word_1_224' title='bbox 930 1935 1030 1998; x_wconf 88' lang='lat' dir='ltr'>dleere,</span> <span class='ocrx_word' id='word_1_225' title='bbox 1044 1949 1078 1988; x_wconf 83' lang='lat' dir='ltr'>an</span> <span class='ocrx_word' id='word_1_226' title='bbox 1102 1947 1166 1987; x_wconf 79' lang='lat' dir='ltr'>rere</span> <span class='ocrx_word' id='word_1_227' title='bbox 1218 1933 1350 1990; x_wconf 85' lang='lat' dir='ltr'>toralibus</span> <span class='ocrx_word' id='word_1_228' title='bbox 1370 1933 1525 1988; x_wconf 81' lang='lat' dir='ltr'>econtrario</span> <span class='ocrx_word' id='word_1_229' title='bbox 1544 1930 1821 1987; x_wconf 76' lang='lat' dir='ltr'>circumductionibus</span> <span class='ocrx_word' id='word_1_230' title='bbox 1839 1930 1872 1985; x_wconf 87' lang='lat' dir='ltr'>sol</span> <span class='ocrx_word' id='word_1_231' title='bbox 1882 1932 1953 2000; x_wconf 74' lang='lat' dir='ltr'>propio</span> 
     </span>
     <span class='ocr_line' id='line_1_20' title="bbox 375 2019 1953 2118; baseline -0.008 -32"><span class='ocrx_word' id='word_1_232' title='bbox 375 2031 468 2086; x_wconf 88' lang='lat' dir='ltr'>hahet.</span> <span class='ocrx_word' id='word_1_233' title='bbox 477 2029 630 2118; x_wconf 46' lang='grc' dir='ltr'>ἥψω,</span> <span class='ocrx_word' id='word_1_234' title='bbox 641 2029 820 2098; x_wconf 88' lang='lat' dir='ltr'>quodeunque</span> <span class='ocrx_word' id='word_1_235' title='bbox 829 2026 955 2096; x_wconf 80' lang='lat' dir='ltr'>estjttsta</span> <span class='ocrx_word' id='word_1_236' title='bbox 967 2026 1054 2095; x_wconf 86' lang='lat' dir='ltr'>legens</span> <span class='ocrx_word' id='word_1_237' title='bbox 1067 2026 1166 2080; x_wconf 83' lang='lat' dir='ltr'>uerita·</span> <span class='ocrx_word' id='word_1_238' title='bbox 1217 2038 1298 2078; x_wconf 90' lang='lat' dir='ltr'>eursu</span> <span class='ocrx_word' id='word_1_239' title='bbox 1312 2023 1547 2093; x_wconf 79' lang='lat' dir='ltr'>quinqueformem</span> <span class='ocrx_word' id='word_1_240' title='bbox 1568 2036 1649 2077; x_wconf 91' lang='lat' dir='ltr'>suum</span> <span class='ocrx_word' id='word_1_241' title='bbox 1669 2029 1772 2076; x_wconf 88' lang='lat' dir='ltr'>motum</span> <span class='ocrx_word' id='word_1_242' title='bbox 1785 2019 1809 2074; x_wconf 89' lang='lat' dir='ltr'>io</span> <span class='ocrx_word' id='word_1_243' title='bbox 1823 2021 1884 2075; x_wconf 79' lang='lat' dir='ltr'>lnris</span> <span class='ocrx_word' id='word_1_244' title='bbox 1893 2022 1953 2075; x_wconf 79' lang='grc' dir='ltr'>ιιιιι</span> 
     </span>
     <span class='ocr_line' id='line_1_21' title="bbox 371 2105 1954 2187; baseline -0.006 -12"><span class='ocrx_word' id='word_1_245' title='bbox 371 2119 417 2185; x_wconf 90' lang='lat' dir='ltr'>tis,</span> <span class='ocrx_word' id='word_1_246' title='bbox 435 2127 509 2176; x_wconf 89' lang='lat' dir='ltr'>tecle</span> <span class='ocrx_word' id='word_1_247' title='bbox 523 2105 896 2187; x_wconf 57' lang='lat' dir='ltr'>mtettsohsptmwte‚</span> <span class='ocrx_word' id='word_1_248' title='bbox 917 2130 997 2173; x_wconf 88' lang='lat' dir='ltr'>omne</span> <span class='ocrx_word' id='word_1_249' title='bbox 1018 2116 1098 2170; x_wconf 87' lang='lat' dir='ltr'>aliter</span> <span class='ocrx_word' id='word_1_250' title='bbox 1117 2116 1166 2170; x_wconf 84' lang='lat' dir='ltr'>lta·</span> <span class='ocrx_word' id='word_1_251' title='bbox 1217 2114 1381 2168; x_wconf 75' lang='lat' dir='ltr'>convolvens</span> <span class='ocrx_word' id='word_1_252' title='bbox 1391 2114 1415 2180; x_wconf 77' lang='lat'>²,</span> <span class='ocrx_word' id='word_1_253' title='bbox 1428 2113 1564 2183; x_wconf 70' lang='lat' dir='ltr'>analytice</span> <span class='ocrx_word' id='word_1_254' title='bbox 1575 2113 1676 2167; x_wconf 90' lang='lat' dir='ltr'>iterum</span> <span class='ocrx_word' id='word_1_255' title='bbox 1689 2121 1774 2166; x_wconf 87' lang='lat' dir='ltr'>totum</span> <span class='ocrx_word' id='word_1_256' title='bbox 1786 2110 1811 2165; x_wconf 89' lang='lat' dir='ltr'>in</span> <span class='ocrx_word' id='word_1_257' title='bbox 1821 2107 1954 2166; x_wconf 80' lang='lat' dir='ltr'>aliisdeoea⁸</span> 
     </span>
     <span class='ocr_line' id='line_1_22' title="bbox 370 2200 1953 2276; baseline -0.008 -13"><span class='ocrx_word' id='word_1_258' title='bbox 370 2207 451 2275; x_wconf 86' lang='lat' dir='ltr'>bens,</span> <span class='ocrx_word' id='word_1_259' title='bbox 464 2215 493 2264; x_wconf 87' lang='lat' dir='ltr'>et</span> <span class='ocrx_word' id='word_1_260' title='bbox 504 2207 647 2264; x_wconf 80' lang='lat' dir='ltr'>veritatem</span> <span class='ocrx_word' id='word_1_261' title='bbox 656 2206 798 2272; x_wconf 76' lang='lat' dir='ltr'>affectans,</span> <span class='ocrx_word' id='word_1_262' title='bbox 810 2205 996 2276; x_wconf 89' lang='lat' dir='ltr'>redarguetur,</span> <span class='ocrx_word' id='word_1_263' title='bbox 1007 2214 1036 2259; x_wconf 88' lang='lat' dir='ltr'>et</span> <span class='ocrx_word' id='word_1_264' title='bbox 1050 2205 1164 2261; x_wconf 90' lang='lat' dir='ltr'>alterum</span> <span class='ocrx_word' id='word_1_265' title='bbox 1217 2219 1314 2274; x_wconf 83' lang='lat' dir='ltr'>norant</span> <span class='ocrx_word' id='word_1_266' title='bbox 1338 2205 1475 2273; x_wconf 85' lang='lat' dir='ltr'>quandam</span> <span class='ocrx_word' id='word_1_267' title='bbox 1505 2202 1667 2260; x_wconf 86' lang='lat' dir='ltr'>semitarum</span> <span class='ocrx_word' id='word_1_268' title='bbox 1700 2203 1772 2256; x_wconf 82' lang='lat' dir='ltr'>riam</span> <span class='ocrx_word' id='word_1_269' title='bbox 1801 2200 1953 2270; x_wconf 81' lang='lat' dir='ltr'>retrograditur.</span> 
     </span>
     <span class='ocr_line' id='line_1_23' title="bbox 371 2289 1954 2382; baseline -0.006 -28"><span class='ocrx_word' id='word_1_270' title='bbox 371 2295 400 2354; x_wconf 77' lang='lat' dir='ltr'>b</span> <span class='ocrx_word' id='word_1_271' title='bbox 420 2312 485 2354; x_wconf 81' lang='lat' dir='ltr'>scre</span> <span class='ocrx_word' id='word_1_272' title='bbox 497 2298 581 2363; x_wconf 91' lang='lat' dir='ltr'>ontis,</span> <span class='ocrx_word' id='word_1_273' title='bbox 595 2304 623 2353; x_wconf 91' lang='lat' dir='ltr'>ct</span> <span class='ocrx_word' id='word_1_274' title='bbox 643 2294 828 2359; x_wconf 71' lang='lat' dir='ltr'>dissimilem</span> <span class='ocrx_word' id='word_1_275' title='bbox 845 2293 982 2366; x_wconf 76' lang='lat' dir='ltr'>opinabile</span> <span class='ocrx_word' id='word_1_276' title='bbox 998 2292 1064 2348; x_wconf 91' lang='lat' dir='ltr'>illud</span> <span class='ocrx_word' id='word_1_277' title='bbox 1078 2293 1165 2366; x_wconf 84' lang='lat' dir='ltr'>magis</span> <span class='ocrx_word' id='word_1_278' title='bbox 1211 2293 1325 2382; x_wconf 57' lang='lat' dir='ltr'>EQ</span> <span class='ocrx_word' id='word_1_279' title='bbox 1343 2293 1506 2366; x_wconf 78' lang='lat' dir='ltr'>Babylonius</span> <span class='ocrx_word' id='word_1_280' title='bbox 1528 2294 1625 2350; x_wconf 80' lang='lat' dir='ltr'>nterim</span> <span class='ocrx_word' id='word_1_281' title='bbox 1646 2290 1770 2357; x_wconf 76' lang='lat' dir='ltr'>induxit,</span> <span class='ocrx_word' id='word_1_282' title='bbox 1792 2289 1881 2345; x_wconf 78' lang='lat' dir='ltr'>etsie</span> <span class='ocrx_word' id='word_1_283' title='bbox 1898 2304 1954 2359; x_wconf 69' lang='grc' dir='ltr'>μμ</span> 
     </span>
     <span class='ocr_line' id='line_1_24' title="bbox 369 2380 1953 2466; baseline -0.006 -23"><span class='ocrx_word' id='word_1_284' title='bbox 369 2404 452 2460; x_wconf 86' lang='lat' dir='ltr'>qnam</span> <span class='ocrx_word' id='word_1_285' title='bbox 473 2385 511 2446; x_wconf 79' lang='lat' dir='ltr'>is.</span> <span class='ocrx_word' id='word_1_286' title='bbox 538 2386 808 2466; x_wconf 37' lang='lat' dir='ltr'>superfluum-ignes</span> <span class='ocrx_word' id='word_1_287' title='bbox 827 2395 885 2452; x_wconf 89' lang='lat' dir='ltr'>est,</span> <span class='ocrx_word' id='word_1_288' title='bbox 907 2385 1031 2441; x_wconf 81' lang='lat' dir='ltr'>veritatis</span> <span class='ocrx_word' id='word_1_289' title='bbox 1050 2386 1165 2441; x_wconf 88' lang='lat' dir='ltr'>manile·</span> <span class='ocrx_word' id='word_1_290' title='bbox 1216 2385 1349 2442; x_wconf 83' lang='lat' dir='ltr'>Ezechiae</span> <span class='ocrx_word' id='word_1_291' title='bbox 1369 2385 1487 2457; x_wconf 76' lang='lat' dir='ltr'>subegit,</span> <span class='ocrx_word' id='word_1_292' title='bbox 1507 2393 1636 2455; x_wconf 79' lang='lat' dir='ltr'>tauquam</span> <span class='ocrx_word' id='word_1_293' title='bbox 1659 2384 1688 2439; x_wconf 93' lang='lat' dir='ltr'>in</span> <span class='ocrx_word' id='word_1_294' title='bbox 1707 2381 1813 2453; x_wconf 86' lang='lat' dir='ltr'>aequali</span> <span class='ocrx_word' id='word_1_295' title='bbox 1828 2380 1953 2435; x_wconf 70' lang='lat' dir='ltr'>numm</span> 
     </span>
     <span class='ocr_line' id='line_1_25' title="bbox 369 2471 1954 2556; baseline -0.005 -24"><span class='ocrx_word' id='word_1_296' title='bbox 369 2485 500 2532; x_wconf 82' lang='lat' dir='ltr'>statorem</span> <span class='ocrx_word' id='word_1_297' title='bbox 513 2475 547 2530; x_wconf 86' lang='lat' dir='ltr'>sd</span> <span class='ocrx_word' id='word_1_298' title='bbox 561 2475 611 2532; x_wconf 89' lang='lat' dir='ltr'>hos</span> <span class='ocrx_word' id='word_1_299' title='bbox 623 2483 670 2530; x_wconf 90' lang='lat' dir='ltr'>aut</span> <span class='ocrx_word' id='word_1_300' title='bbox 685 2473 744 2530; x_wconf 86' lang='lat' dir='ltr'>illos</span> <span class='ocrx_word' id='word_1_301' title='bbox 759 2473 897 2530; x_wconf 89' lang='lat' dir='ltr'>dimicare.</span> <span class='ocrx_word' id='word_1_302' title='bbox 911 2473 982 2529; x_wconf 83' lang='lat' dir='ltr'>llicit</span> <span class='ocrx_word' id='word_1_303' title='bbox 993 2474 1066 2529; x_wconf 92' lang='lat' dir='ltr'>enim</span> <span class='ocrx_word' id='word_1_304' title='bbox 1080 2489 1164 2531; x_wconf 89' lang='lat' dir='ltr'>nnus·</span> <span class='ocrx_word' id='word_1_305' title='bbox 1216 2484 1244 2531; x_wconf 91' lang='lat' dir='ltr'>et</span> <span class='ocrx_word' id='word_1_306' title='bbox 1255 2475 1394 2546; x_wconf 88' lang='lat' dir='ltr'>superanti</span> <span class='ocrx_word' id='word_1_307' title='bbox 1407 2475 1540 2533; x_wconf 82' lang='lat' dir='ltr'>homines.</span> <span class='ocrx_word' id='word_1_308' title='bbox 1564 2474 1598 2551; x_wconf 80' lang='lat' dir='ltr'>&#39;l</span> <span class='ocrx_word' id='word_1_309' title='bbox 1609 2486 1700 2556; x_wconf 82' lang='lat' dir='ltr'>neque</span> <span class='ocrx_word' id='word_1_310' title='bbox 1717 2473 1763 2529; x_wconf 89' lang='lat' dir='ltr'>hic</span> <span class='ocrx_word' id='word_1_311' title='bbox 1776 2472 1831 2527; x_wconf 88' lang='lat' dir='ltr'>diuo</span> <span class='ocrx_word' id='word_1_312' title='bbox 1842 2471 1954 2540; x_wconf 70' lang='lat' dir='ltr'>integrm</span> 
     </span>
     <span class='ocr_line' id='line_1_26' title="bbox 370 2561 1953 2647; baseline -0.004 -26"><span class='ocrx_word' id='word_1_313' title='bbox 370 2565 486 2638; x_wconf 88' lang='lat' dir='ltr'>quisque</span> <span class='ocrx_word' id='word_1_314' title='bbox 510 2566 611 2621; x_wconf 87' lang='lat' dir='ltr'>hahere</span> <span class='ocrx_word' id='word_1_315' title='bbox 632 2564 766 2620; x_wconf 88' lang='lat' dir='ltr'>numisma</span> <span class='ocrx_word' id='word_1_316' title='bbox 791 2564 896 2635; x_wconf 84' lang='lat' dir='ltr'>regale,</span> <span class='ocrx_word' id='word_1_317' title='bbox 915 2573 944 2619; x_wconf 90' lang='lat' dir='ltr'>et</span> <span class='ocrx_word' id='word_1_318' title='bbox 964 2565 1059 2635; x_wconf 85' lang='lat' dir='ltr'>otique</span> <span class='ocrx_word' id='word_1_319' title='bbox 1081 2564 1165 2620; x_wconf 87' lang='lat' dir='ltr'>hahet</span> <span class='ocrx_word' id='word_1_320' title='bbox 1216 2583 1329 2639; x_wconf 85' lang='lat' dir='ltr'>mgnas</span> <span class='ocrx_word' id='word_1_321' title='bbox 1339 2568 1524 2638; x_wconf 84' lang='lat' dir='ltr'>operationes,</span> <span class='ocrx_word' id='word_1_322' title='bbox 1534 2575 1582 2621; x_wconf 86' lang='lat' dir='ltr'>aut</span> <span class='ocrx_word' id='word_1_323' title='bbox 1593 2565 1647 2620; x_wconf 87' lang='lat' dir='ltr'>alia</span> <span class='ocrx_word' id='word_1_324' title='bbox 1660 2562 1887 2647; x_wconf 61' lang='lat' dir='ltr'>Quintili</span> <span class='ocrx_word' id='word_1_325' title='bbox 1896 2561 1953 2639; x_wconf 73' lang='lat' dir='ltr'>ditia</span> 
     </span>
     <span class='ocr_line' id='line_1_27' title="bbox 370 2651 1953 2730; baseline -0.004 -19"><span class='ocrx_word' id='word_1_326' title='bbox 370 2658 507 2730; x_wconf 89' lang='lat' dir='ltr'>quandam</span> <span class='ocrx_word' id='word_1_327' title='bbox 517 2657 578 2729; x_wconf 86' lang='lat' dir='ltr'>puri</span> <span class='ocrx_word' id='word_1_328' title='bbox 589 2654 738 2725; x_wconf 85' lang='lat' dir='ltr'>cujttsdanr,</span> <span class='ocrx_word' id='word_1_329' title='bbox 751 2655 810 2726; x_wconf 83' lang='lat' dir='ltr'>ejus</span> <span class='ocrx_word' id='word_1_330' title='bbox 819 2670 883 2711; x_wconf 85' lang='lat' dir='ltr'>uere</span> <span class='ocrx_word' id='word_1_331' title='bbox 894 2654 1015 2711; x_wconf 88' lang='lat' dir='ltr'>lallaeem</span> <span class='ocrx_word' id='word_1_332' title='bbox 1027 2654 1162 2716; x_wconf 87' lang='lat' dir='ltr'>umbram.</span> <span class='ocrx_word' id='word_1_333' title='bbox 1215 2660 1291 2730; x_wconf 89' lang='lat' dir='ltr'>sigua</span> <span class='ocrx_word' id='word_1_334' title='bbox 1312 2658 1394 2724; x_wconf 88' lang='lat' dir='ltr'>laeta,</span> <span class='ocrx_word' id='word_1_335' title='bbox 1416 2660 1463 2714; x_wconf 90' lang='lat' dir='ltr'>sed</span> <span class='ocrx_word' id='word_1_336' title='bbox 1482 2658 1638 2716; x_wconf 86' lang='lat' dir='ltr'>communia</span> <span class='ocrx_word' id='word_1_337' title='bbox 1660 2665 1690 2713; x_wconf 89' lang='lat' dir='ltr'>et</span> <span class='ocrx_word' id='word_1_338' title='bbox 1709 2658 1845 2720; x_wconf 77' lang='lat' dir='ltr'>caelestia,</span> <span class='ocrx_word' id='word_1_339' title='bbox 1857 2651 1953 2708; x_wconf 67' lang='lat' dir='ltr'>niam</span> 
     </span>
     <span class='ocr_line' id='line_1_28' title="bbox 368 2730 1952 2820; baseline -0.006 -15"><span class='ocrx_word' id='word_1_340' title='bbox 368 2749 439 2805; x_wconf 79' lang='lat' dir='ltr'>Etsi</span> <span class='ocrx_word' id='word_1_341' title='bbox 455 2749 695 2820; x_wconf 79' lang='lat' dir='ltr'>huncredargttas,</span> <span class='ocrx_word' id='word_1_342' title='bbox 707 2748 815 2803; x_wconf 87' lang='lat' dir='ltr'>alteret</span> <span class='ocrx_word' id='word_1_343' title='bbox 831 2748 929 2804; x_wconf 88' lang='lat' dir='ltr'>iterum</span> <span class='ocrx_word' id='word_1_344' title='bbox 940 2747 1162 2806; x_wconf 86' lang='lat' dir='ltr'>alterdeeodem</span> <span class='ocrx_word' id='word_1_345' title='bbox 1215 2730 1294 2805; x_wconf 69' lang='lat' dir='ltr'>ter&#39;su</span> <span class='ocrx_word' id='word_1_346' title='bbox 1320 2758 1348 2804; x_wconf 90' lang='lat' dir='ltr'>et</span> <span class='ocrx_word' id='word_1_347' title='bbox 1377 2749 1404 2803; x_wconf 90' lang='lat' dir='ltr'>in</span> <span class='ocrx_word' id='word_1_348' title='bbox 1423 2749 1551 2805; x_wconf 90' lang='lat' dir='ltr'>omnihus</span> <span class='ocrx_word' id='word_1_349' title='bbox 1577 2748 1773 2818; x_wconf 80' lang='lat' dir='ltr'>triumphantia</span> <span class='ocrx_word' id='word_1_350' title='bbox 1792 2745 1816 2800; x_wconf 72' lang='lat' dir='ltr'>l.</span> <span class='ocrx_word' id='word_1_351' title='bbox 1842 2745 1952 2800; x_wconf 80' lang='lat' dir='ltr'>hitartta</span> 
     </span>
     <span class='ocr_line' id='line_1_29' title="bbox 369 2831 1953 2922; baseline -0.004 -26"><span class='ocrx_word' id='word_1_352' title='bbox 369 2841 520 2897; x_wconf 86' lang='lat' dir='ltr'>contendit.</span> <span class='ocrx_word' id='word_1_353' title='bbox 543 2840 644 2922; x_wconf 57' lang='grc' dir='ltr'>ξοᾴιιιι</span> <span class='ocrx_word' id='word_1_354' title='bbox 663 2839 938 2920; x_wconf 54' lang='lat' dir='ltr'>autemmmposito</span> <span class='ocrx_word' id='word_1_355' title='bbox 957 2839 1160 2904; x_wconf 79' lang='lat' dir='ltr'>temeratione,</span> <span class='ocrx_word' id='word_1_356' title='bbox 1214 2843 1325 2897; x_wconf 90' lang='lat' dir='ltr'>omnino</span> <span class='ocrx_word' id='word_1_357' title='bbox 1345 2839 1547 2912; x_wconf 72' lang='lat' dir='ltr'>Apollophanes</span> <span class='ocrx_word' id='word_1_358' title='bbox 1567 2854 1622 2896; x_wconf 89' lang='lat' dir='ltr'>non</span> <span class='ocrx_word' id='word_1_359' title='bbox 1642 2855 1707 2896; x_wconf 88' lang='lat' dir='ltr'>esse</span> <span class='ocrx_word' id='word_1_360' title='bbox 1729 2840 1795 2895; x_wconf 83' lang='lat' dir='ltr'>hace</span> <span class='ocrx_word' id='word_1_361' title='bbox 1814 2849 1878 2891; x_wconf 85' lang='lat' dir='ltr'>tera.</span> <span class='ocrx_word' id='word_1_362' title='bbox 1900 2831 1953 2903; x_wconf 70' lang='lat' dir='ltr'>itm</span> 
     </span>
     <span class='ocr_line' id='line_1_30' title="bbox 368 2915 1952 3004; baseline -0.003 -19"><span class='ocrx_word' id='word_1_363' title='bbox 368 2938 397 2985; x_wconf 90' lang='lat' dir='ltr'>et</span> <span class='ocrx_word' id='word_1_364' title='bbox 411 2930 447 2986; x_wconf 87' lang='lat' dir='ltr'>ab</span> <span class='ocrx_word' id='word_1_365' title='bbox 463 2929 525 2985; x_wconf 90' lang='lat' dir='ltr'>aliis</span> <span class='ocrx_word' id='word_1_366' title='bbox 536 2930 663 2986; x_wconf 85' lang='lat' dir='ltr'>omnihus</span> <span class='ocrx_word' id='word_1_367' title='bbox 677 2929 777 2986; x_wconf 84' lang='lat' dir='ltr'>selecto</span> <span class='ocrx_word' id='word_1_368' title='bbox 793 2915 908 2995; x_wconf 77' lang='lat' dir='ltr'>ridente,</span> <span class='ocrx_word' id='word_1_369' title='bbox 921 2943 1004 2985; x_wconf 88' lang='lat' dir='ltr'>omne</span> <span class='ocrx_word' id='word_1_370' title='bbox 1020 2929 1092 3000; x_wconf 88' lang='lat' dir='ltr'>quod</span> <span class='ocrx_word' id='word_1_371' title='bbox 1107 2944 1161 2984; x_wconf 91' lang='lat' dir='ltr'>nott</span> <span class='ocrx_word' id='word_1_372' title='bbox 1214 2934 1323 3004; x_wconf 84' lang='lat' dir='ltr'>quidem</span> <span class='ocrx_word' id='word_1_373' title='bbox 1346 2936 1397 2989; x_wconf 89' lang='lat' dir='ltr'>boe</span> <span class='ocrx_word' id='word_1_374' title='bbox 1418 2932 1563 2988; x_wconf 79' lang='lat' dir='ltr'>Persarum</span> <span class='ocrx_word' id='word_1_375' title='bbox 1584 2930 1797 2987; x_wconf 83' lang='lat' dir='ltr'>sacerdotalibus</span> <span class='ocrx_word' id='word_1_376' title='bbox 1816 2928 1908 2984; x_wconf 89' lang='lat' dir='ltr'>inlertn</span> <span class='ocrx_word' id='word_1_377' title='bbox 1919 2938 1952 2978; x_wconf 81' lang='grc' dir='ltr'>ιιι·</span> 
     </span>
     <span class='ocr_line' id='line_1_31' title="bbox 371 3013 1953 3094; baseline -0.003 -18"><span class='ocrx_word' id='word_1_378' title='bbox 371 3020 411 3076; x_wconf 91' lang='lat' dir='ltr'>sie</span> <span class='ocrx_word' id='word_1_379' title='bbox 423 3034 472 3091; x_wconf 86' lang='lat' dir='ltr'>per</span> <span class='ocrx_word' id='word_1_380' title='bbox 484 3021 574 3076; x_wconf 89' lang='lat' dir='ltr'>omnia</span> <span class='ocrx_word' id='word_1_381' title='bbox 589 3021 703 3087; x_wconf 88' lang='lat' dir='ltr'>habens,</span> <span class='ocrx_word' id='word_1_382' title='bbox 715 3021 832 3092; x_wconf 87' lang='lat' dir='ltr'>idipsum</span> <span class='ocrx_word' id='word_1_383' title='bbox 843 3036 878 3077; x_wconf 84' lang='lat' dir='ltr'>ex</span> <span class='ocrx_word' id='word_1_384' title='bbox 890 3021 981 3092; x_wconf 90' lang='lat' dir='ltr'>seipso</span> <span class='ocrx_word' id='word_1_385' title='bbox 993 3021 1163 3091; x_wconf 85' lang='lat' dir='ltr'>irreprehen·</span> <span class='ocrx_word' id='word_1_386' title='bbox 1215 3025 1320 3092; x_wconf 85' lang='lat' dir='ltr'>mariis,</span> <span class='ocrx_word' id='word_1_387' title='bbox 1332 3033 1360 3080; x_wconf 90' lang='lat' dir='ltr'>et</span> <span class='ocrx_word' id='word_1_388' title='bbox 1372 3024 1460 3080; x_wconf 87' lang='lat' dir='ltr'>adhue</span> <span class='ocrx_word' id='word_1_389' title='bbox 1479 3022 1549 3094; x_wconf 89' lang='lat' dir='ltr'>llagi</span> <span class='ocrx_word' id='word_1_390' title='bbox 1566 3023 1748 3078; x_wconf 80' lang='lat' dir='ltr'>stremomnda</span> <span class='ocrx_word' id='word_1_391' title='bbox 1771 3019 1872 3090; x_wconf 80' lang='lat' dir='ltr'>triplasii</span> <span class='ocrx_word' id='word_1_392' title='bbox 1887 3013 1953 3086; x_wconf 73' lang='lat' dir='ltr'>mdo</span> 
     </span>
     <span class='ocr_line' id='line_1_32' title="bbox 371 3071 1952 3188; baseline -0.001 -19"><span class='ocrx_word' id='word_1_393' title='bbox 371 3113 444 3169; x_wconf 85' lang='lat' dir='ltr'>sibili</span> <span class='ocrx_word' id='word_1_394' title='bbox 459 3122 530 3168; x_wconf 88' lang='lat' dir='ltr'>stato</span> <span class='ocrx_word' id='word_1_395' title='bbox 552 3129 617 3170; x_wconf 83' lang='lat' dir='ltr'>uere</span> <span class='ocrx_word' id='word_1_396' title='bbox 630 3130 694 3171; x_wconf 83' lang='lat' dir='ltr'>tero</span> <span class='ocrx_word' id='word_1_397' title='bbox 708 3114 861 3185; x_wconf 82' lang='lat' dir='ltr'>expellitur.</span> <span class='ocrx_word' id='word_1_398' title='bbox 884 3113 942 3170; x_wconf 90' lang='lat' dir='ltr'>lloe</span> <span class='ocrx_word' id='word_1_399' title='bbox 958 3113 1052 3185; x_wconf 87' lang='lat' dir='ltr'>igitur,</span> <span class='ocrx_word' id='word_1_400' title='bbox 1066 3123 1098 3168; x_wconf 88' lang='lat' dir='ltr'>ut</span> <span class='ocrx_word' id='word_1_401' title='bbox 1117 3128 1162 3169; x_wconf 90' lang='lat' dir='ltr'>ar·</span> <span class='ocrx_word' id='word_1_402' title='bbox 1175 3071 1199 3134; x_wconf 71' lang='lat' dir='ltr'><strong>c</strong></span> <span class='ocrx_word' id='word_1_403' title='bbox 1213 3115 1369 3188; x_wconf 76' lang='lat' dir='ltr'>perusium.</span> <span class='ocrx_word' id='word_1_404' title='bbox 1394 3113 1448 3171; x_wconf 85' lang='lat' dir='ltr'>Sed</span> <span class='ocrx_word' id='word_1_405' title='bbox 1479 3114 1583 3170; x_wconf 86' lang='lat' dir='ltr'>licitum</span> <span class='ocrx_word' id='word_1_406' title='bbox 1607 3113 1644 3169; x_wconf 90' lang='lat' dir='ltr'>sit</span> <span class='ocrx_word' id='word_1_407' title='bbox 1666 3113 1720 3185; x_wconf 85' lang='lat' dir='ltr'>ipsi</span> <span class='ocrx_word' id='word_1_408' title='bbox 1742 3113 1784 3169; x_wconf 88' lang='lat' dir='ltr'>his</span> <span class='ocrx_word' id='word_1_409' title='bbox 1801 3121 1894 3183; x_wconf 84' lang='lat' dir='ltr'>propter</span> <span class='ocrx_word' id='word_1_410' title='bbox 1906 3107 1952 3177; x_wconf 66' lang='lat' dir='ltr'>islo</span> 
     </span>
     <span class='ocr_line' id='line_1_33' title="bbox 368 3191 1951 3276; baseline -0.004 -18"><span class='ocrx_word' id='word_1_411' title='bbox 368 3201 467 3267; x_wconf 88' lang='lat' dir='ltr'>bitror,</span> <span class='ocrx_word' id='word_1_412' title='bbox 479 3201 548 3258; x_wconf 89' lang='lat' dir='ltr'>bene</span> <span class='ocrx_word' id='word_1_413' title='bbox 561 3219 737 3274; x_wconf 89' lang='lat' dir='ltr'>cognoscens,</span> <span class='ocrx_word' id='word_1_414' title='bbox 752 3221 804 3260; x_wconf 91' lang='lat' dir='ltr'>non</span> <span class='ocrx_word' id='word_1_415' title='bbox 820 3191 1021 3261; x_wconf 67' lang='lat' dir='ltr'>acceleratii&#39;a&#39;d</span> <span class='ocrx_word' id='word_1_416' title='bbox 1041 3204 1162 3261; x_wconf 85' lang='lat' dir='ltr'>Graecos</span> <span class='ocrx_word' id='word_1_417' title='bbox 1213 3207 1328 3262; x_wconf 76' lang='lat' dir='ltr'>rentiam</span> <span class='ocrx_word' id='word_1_418' title='bbox 1340 3213 1387 3261; x_wconf 89' lang='lat' dir='ltr'>aul</span> <span class='ocrx_word' id='word_1_419' title='bbox 1400 3220 1526 3276; x_wconf 86' lang='lat' dir='ltr'>magnam</span> <span class='ocrx_word' id='word_1_420' title='bbox 1540 3205 1771 3260; x_wconf 83' lang='lat' dir='ltr'>incredulitatem.</span> <span class='ocrx_word' id='word_1_421' title='bbox 1795 3202 1823 3257; x_wconf 88' lang='lat' dir='ltr'>lli</span> <span class='ocrx_word' id='word_1_422' title='bbox 1850 3217 1877 3255; x_wconf 91' lang='lat' dir='ltr'>au</span> <span class='ocrx_word' id='word_1_423' title='bbox 1924 3197 1951 3251; x_wconf 88' lang='lat' dir='ltr'>u&#39;:</span> 
     </span>
     <span class='ocr_line' id='line_1_34' title="bbox 369 3283 1951 3367; baseline -0.001 -20"><span class='ocrx_word' id='word_1_424' title='bbox 369 3300 415 3347; x_wconf 88' lang='lat' dir='ltr'>aut</span> <span class='ocrx_word' id='word_1_425' title='bbox 437 3292 537 3349; x_wconf 88' lang='lat' dir='ltr'>alteros</span> <span class='ocrx_word' id='word_1_426' title='bbox 558 3293 650 3350; x_wconf 89' lang='lat' dir='ltr'>dicere</span> <span class='ocrx_word' id='word_1_427' title='bbox 667 3312 674 3347; x_wconf 76' lang='grc' dir='ltr'>ι</span> <span class='ocrx_word' id='word_1_428' title='bbox 695 3294 742 3349; x_wconf 83' lang='lat' dir='ltr'>setl</span> <span class='ocrx_word' id='word_1_429' title='bbox 758 3293 882 3350; x_wconf 89' lang='lat' dir='ltr'>idoneum</span> <span class='ocrx_word' id='word_1_430' title='bbox 899 3295 963 3350; x_wconf 84' lang='lat' dir='ltr'>milti</span> <span class='ocrx_word' id='word_1_431' title='bbox 977 3303 1003 3351; x_wconf 92' lang='lat' dir='ltr'>et</span> <span class='ocrx_word' id='word_1_432' title='bbox 1024 3295 1076 3351; x_wconf 88' lang='lat' dir='ltr'>hoc</span> <span class='ocrx_word' id='word_1_433' title='bbox 1091 3294 1161 3351; x_wconf 84' lang='lat' dir='ltr'>[leus</span> <span class='ocrx_word' id='word_1_434' title='bbox 1212 3295 1282 3364; x_wconf 82' lang='lat' dir='ltr'>Quid</span> <span class='ocrx_word' id='word_1_435' title='bbox 1295 3296 1363 3352; x_wconf 89' lang='lat' dir='ltr'>dicis</span> <span class='ocrx_word' id='word_1_436' title='bbox 1379 3295 1413 3352; x_wconf 92' lang='lat' dir='ltr'>de</span> <span class='ocrx_word' id='word_1_437' title='bbox 1432 3295 1490 3367; x_wconf 90' lang='lat' dir='ltr'>ipsa</span> <span class='ocrx_word' id='word_1_438' title='bbox 1507 3295 1534 3350; x_wconf 91' lang='lat' dir='ltr'>in</span> <span class='ocrx_word' id='word_1_439' title='bbox 1552 3293 1666 3351; x_wconf 82' lang='lat' dir='ltr'>salutari</span> <span class='ocrx_word' id='word_1_440' title='bbox 1686 3307 1768 3351; x_wconf 86' lang='lat' dir='ltr'>crure</span> <span class='ocrx_word' id='word_1_441' title='bbox 1781 3283 1951 3360; x_wconf 68' lang='lat' dir='ltr'>lamentant·</span> 
     </span>
     <span class='ocr_line' id='line_1_35' title="bbox 369 3376 1951 3460; baseline -0.004 -22"><span class='ocrx_word' id='word_1_442' title='bbox 369 3385 432 3448; x_wconf 89' lang='lat' dir='ltr'>det,</span> <span class='ocrx_word' id='word_1_443' title='bbox 454 3385 489 3439; x_wconf 91' lang='lat' dir='ltr'>de</span> <span class='ocrx_word' id='word_1_444' title='bbox 510 3385 622 3441; x_wconf 85' lang='lat' dir='ltr'>veritate</span> <span class='ocrx_word' id='word_1_445' title='bbox 636 3386 707 3441; x_wconf 90' lang='lat' dir='ltr'>seire</span> <span class='ocrx_word' id='word_1_446' title='bbox 721 3386 854 3456; x_wconf 88' lang='lat' dir='ltr'>primum,</span> <span class='ocrx_word' id='word_1_447' title='bbox 868 3387 965 3443; x_wconf 85' lang='lat' dir='ltr'>‹leinde</span> <span class='ocrx_word' id='word_1_448' title='bbox 980 3388 1112 3443; x_wconf 87' lang='lat' dir='ltr'>scientem</span> <span class='ocrx_word' id='word_1_449' title='bbox 1132 3396 1163 3443; x_wconf 91' lang='grc' dir='ltr'>ιιι</span> <span class='ocrx_word' id='word_1_450' title='bbox 1212 3378 1410 3460; x_wconf 66' lang='lat' dir='ltr'>th‘mrique</span> <span class='ocrx_word' id='word_1_451' title='bbox 1431 3396 1497 3443; x_wconf 88' lang='lat' dir='ltr'>tune</span> <span class='ocrx_word' id='word_1_452' title='bbox 1513 3385 1592 3456; x_wconf 75' lang='lat' dir='ltr'>Juxta</span> <span class='ocrx_word' id='word_1_453' title='bbox 1614 3386 1681 3443; x_wconf 90' lang='lat' dir='ltr'>solis</span> <span class='ocrx_word' id='word_1_454' title='bbox 1702 3385 1833 3442; x_wconf 76' lang='lat' dir='ltr'>etsimtem</span> <span class='ocrx_word' id='word_1_455' title='bbox 1849 3376 1951 3438; x_wconf 63' lang='lat' dir='ltr'>simum</span> 
     </span>
     <span class='ocr_line' id='line_1_36' title="bbox 370 3468 1951 3546; baseline -0.003 -18"><span class='ocrx_word' id='word_1_456' title='bbox 370 3482 478 3544; x_wconf 88' lang='lat' dir='ltr'>oportet</span> <span class='ocrx_word' id='word_1_457' title='bbox 501 3474 601 3529; x_wconf 83' lang='lat' dir='ltr'>dicere.</span> <span class='ocrx_word' id='word_1_458' title='bbox 620 3474 669 3528; x_wconf 88' lang='lat' dir='ltr'>Ubi</span> <span class='ocrx_word' id='word_1_459' title='bbox 692 3484 783 3530; x_wconf 79' lang='lat' dir='ltr'>summ</span> <span class='ocrx_word' id='word_1_460' title='bbox 803 3476 903 3546; x_wconf 89' lang='lat' dir='ltr'>inquis,</span> <span class='ocrx_word' id='word_1_461' title='bbox 918 3476 1080 3533; x_wconf 82' lang='lat' dir='ltr'>maledicere</span> <span class='ocrx_word' id='word_1_462' title='bbox 1094 3477 1159 3533; x_wconf 90' lang='lat' dir='ltr'>mibi</span> <span class='ocrx_word' id='word_1_463' title='bbox 1212 3483 1352 3537; x_wconf 84' lang='lat' dir='ltr'>uenientes</span> <span class='ocrx_word' id='word_1_464' title='bbox 1361 3489 1389 3534; x_wconf 89' lang='lat' dir='ltr'>et</span> <span class='ocrx_word' id='word_1_465' title='bbox 1399 3478 1587 3545; x_wconf 79' lang='lat' dir='ltr'>consistentes,</span> <span class='ocrx_word' id='word_1_466' title='bbox 1598 3476 1762 3533; x_wconf 87' lang='lat' dir='ltr'>mirabiliter</span> <span class='ocrx_word' id='word_1_467' title='bbox 1772 3475 1819 3532; x_wconf 87' lang='lat' dir='ltr'>soli</span> <span class='ocrx_word' id='word_1_468' title='bbox 1831 3468 1951 3528; x_wconf 80' lang='lat' dir='ltr'>lunauirti·</span> 
     </span>
     <span class='ocr_line' id='line_1_37' title="bbox 369 3558 1952 3643; baseline -0.002 -20"><span class='ocrx_word' id='word_1_469' title='bbox 369 3566 518 3637; x_wconf 85' lang='lat' dir='ltr'>sopltislatn</span> <span class='ocrx_word' id='word_1_470' title='bbox 534 3564 764 3637; x_wconf 82' lang='lat' dir='ltr'>hpullupltaoem,</span> <span class='ocrx_word' id='word_1_471' title='bbox 784 3575 813 3621; x_wconf 90' lang='lat' dir='ltr'>et</span> <span class='ocrx_word' id='word_1_472' title='bbox 833 3576 973 3636; x_wconf 90' lang='lat' dir='ltr'>paternam</span> <span class='ocrx_word' id='word_1_473' title='bbox 998 3569 1160 3625; x_wconf 84' lang='lat' dir='ltr'>sententiam</span> <span class='ocrx_word' id='word_1_474' title='bbox 1212 3571 1320 3625; x_wconf 89' lang='lat' dir='ltr'>dentem</span> <span class='ocrx_word' id='word_1_475' title='bbox 1332 3558 1952 3643; x_wconf 55' lang='lat' dir='ltr'>sitimus-nonentmeratcoimsnapm-Qr</span> 
     </span>
     <span class='ocr_line' id='line_1_38' title="bbox 370 3647 1951 3747; baseline -0.004 -33"><span class='ocrx_word' id='word_1_476' title='bbox 370 3658 540 3723; x_wconf 78' lang='lat' dir='ltr'>mtocando,</span> <span class='ocrx_word' id='word_1_477' title='bbox 568 3665 694 3726; x_wconf 87' lang='lat' dir='ltr'>tattqnam</span> <span class='ocrx_word' id='word_1_478' title='bbox 717 3656 884 3714; x_wconf 85' lang='lat' dir='ltr'>Graecorum</span> <span class='ocrx_word' id='word_1_479' title='bbox 909 3658 936 3712; x_wconf 90' lang='lat' dir='ltr'>in</span> <span class='ocrx_word' id='word_1_480' title='bbox 961 3658 1080 3716; x_wconf 82' lang='lat' dir='ltr'>Graecos</span> <span class='ocrx_word' id='word_1_481' title='bbox 1108 3677 1161 3716; x_wconf 92' lang='lat' dir='ltr'>non</span> <span class='ocrx_word' id='word_1_482' title='bbox 1214 3647 1951 3747; x_wconf 63' lang='lat' dir='ltr'>Qipsamanonaborausqueuesperasimtlt</span> 
     </span>
     <span class='ocr_line' id='line_1_39' title="bbox 370 3744 1950 3819; baseline -0.005 -14"><span class='ocrx_word' id='word_1_483' title='bbox 370 3757 466 3805; x_wconf 90' lang='lat' dir='ltr'>sancte</span> <span class='ocrx_word' id='word_1_484' title='bbox 484 3746 580 3803; x_wconf 84' lang='lat' dir='ltr'>ulemi</span> <span class='ocrx_word' id='word_1_485' title='bbox 594 3747 628 3802; x_wconf 83' lang='lat' dir='ltr'>Et</span> <span class='ocrx_word' id='word_1_486' title='bbox 645 3748 753 3818; x_wconf 88' lang='lat' dir='ltr'>quidem</span> <span class='ocrx_word' id='word_1_487' title='bbox 775 3749 809 3804; x_wconf 85' lang='lat' dir='ltr'>atl</span> <span class='ocrx_word' id='word_1_488' title='bbox 826 3748 913 3819; x_wconf 91' lang='lat' dir='ltr'>ipsum</span> <span class='ocrx_word' id='word_1_489' title='bbox 927 3765 977 3804; x_wconf 85' lang='lat' dir='ltr'>nus</span> <span class='ocrx_word' id='word_1_490' title='bbox 996 3757 1058 3805; x_wconf 88' lang='lat' dir='ltr'>erat</span> <span class='ocrx_word' id='word_1_491' title='bbox 1071 3752 1163 3809; x_wconf 84' lang='lat' dir='ltr'>terius</span> <span class='ocrx_word' id='word_1_492' title='bbox 1211 3747 1375 3802; x_wconf 81' lang='lat' dir='ltr'>diametrum</span> <span class='ocrx_word' id='word_1_493' title='bbox 1383 3745 1790 3817; x_wconf 87' lang='lat' dir='ltr'>supernaturalitcrecontrariu</span> <span class='ocrx_word' id='word_1_494' title='bbox 1798 3744 1950 3801; x_wconf 63' lang='lat' dir='ltr'>consumta</span> 
     </span>
     <span class='ocr_line' id='line_1_40' title="bbox 369 3816 1949 3909; baseline -0.004 -15"><span class='ocrx_word' id='word_1_495' title='bbox 369 3838 470 3902; x_wconf 88' lang='lat' dir='ltr'>dicere,</span> <span class='ocrx_word' id='word_1_496' title='bbox 483 3816 840 3909; x_wconf 58' lang='lat' dir='ltr'>qttomolffd&#39;rae&#39;eiubtnts</span> <span class='ocrx_word' id='word_1_497' title='bbox 852 3854 905 3895; x_wconf 90' lang='lat' dir='ltr'>non</span> <span class='ocrx_word' id='word_1_498' title='bbox 919 3848 1013 3895; x_wconf 86' lang='lat' dir='ltr'>sancte</span> <span class='ocrx_word' id='word_1_499' title='bbox 1030 3841 1057 3896; x_wconf 90' lang='lat' dir='ltr'>in</span> <span class='ocrx_word' id='word_1_500' title='bbox 1070 3841 1161 3897; x_wconf 81' lang='lat' dir='ltr'>diuina</span> <span class='ocrx_word' id='word_1_501' title='bbox 1211 3836 1432 3891; x_wconf 78' lang='lat' dir='ltr'>Admoneautent</span> <span class='ocrx_word' id='word_1_502' title='bbox 1439 3835 1569 3906; x_wconf 86' lang='lat' dir='ltr'>quiddam</span> <span class='ocrx_word' id='word_1_503' title='bbox 1579 3845 1608 3891; x_wconf 88' lang='lat' dir='ltr'>et</span> <span class='ocrx_word' id='word_1_504' title='bbox 1618 3835 1735 3892; x_wconf 86' lang='lat' dir='ltr'>alterum</span> <span class='ocrx_word' id='word_1_505' title='bbox 1746 3837 1836 3906; x_wconf 85' lang='lat' dir='ltr'>ipsum.</span> <span class='ocrx_word' id='word_1_506' title='bbox 1847 3828 1949 3889; x_wconf 66' lang='lat' dir='ltr'>setena</span> 
     </span>
     <span class='ocr_line' id='line_1_41' title="bbox 369 3923 1950 3999; baseline -0.003 -16"><span class='ocrx_word' id='word_1_507' title='bbox 369 3937 491 3995; x_wconf 89' lang='lat' dir='ltr'>utuntur,</span> <span class='ocrx_word' id='word_1_508' title='bbox 506 3943 556 3999; x_wconf 91' lang='lat' dir='ltr'>per</span> <span class='ocrx_word' id='word_1_509' title='bbox 572 3928 732 3997; x_wconf 85' lang='lat' dir='ltr'>sapientiam</span> <span class='ocrx_word' id='word_1_510' title='bbox 748 3927 796 3984; x_wconf 83' lang='lat' dir='ltr'>bei</span> <span class='ocrx_word' id='word_1_511' title='bbox 815 3928 937 3984; x_wconf 83' lang='lat' dir='ltr'>diuinum</span> <span class='ocrx_word' id='word_1_512' title='bbox 950 3930 1086 3999; x_wconf 83' lang='lat' dir='ltr'>erpellere</span> <span class='ocrx_word' id='word_1_513' title='bbox 1104 3940 1162 3987; x_wconf 87' lang='lat' dir='ltr'>ten·</span> <span class='ocrx_word' id='word_1_514' title='bbox 1212 3928 1276 3997; x_wconf 88' lang='lat' dir='ltr'>qula</span> <span class='ocrx_word' id='word_1_515' title='bbox 1303 3937 1331 3984; x_wconf 90' lang='lat' dir='ltr'>et</span> <span class='ocrx_word' id='word_1_516' title='bbox 1344 3942 1473 3983; x_wconf 83' lang='lat' dir='ltr'>ocensem</span> <span class='ocrx_word' id='word_1_517' title='bbox 1500 3927 1587 3998; x_wconf 88' lang='lat' dir='ltr'>ipsum</span> <span class='ocrx_word' id='word_1_518' title='bbox 1598 3942 1632 3983; x_wconf 80' lang='lat' dir='ltr'>ex</span> <span class='ocrx_word' id='word_1_519' title='bbox 1644 3927 1825 3984; x_wconf 77' lang='lat' dir='ltr'>Orientalibus</span> <span class='ocrx_word' id='word_1_520' title='bbox 1839 3923 1950 3981; x_wconf 74' lang='lat' dir='ltr'>siloam</span> 
     </span>
     <span class='ocr_line' id='line_1_42' title="bbox 371 4008 1949 4091; baseline -0.004 -16"><span class='ocrx_word' id='word_1_521' title='bbox 371 4027 459 4075; x_wconf 86' lang='lat' dir='ltr'>tatttes</span> <span class='ocrx_word' id='word_1_522' title='bbox 472 4017 585 4073; x_wconf 88' lang='lat' dir='ltr'>cultum.</span> <span class='ocrx_word' id='word_1_523' title='bbox 597 4017 632 4072; x_wconf 86' lang='grc' dir='ltr'>Ει</span> <span class='ocrx_word' id='word_1_524' title='bbox 647 4018 687 4073; x_wconf 90' lang='lat' dir='ltr'>sic</span> <span class='ocrx_word' id='word_1_525' title='bbox 708 4017 820 4072; x_wconf 90' lang='lat' dir='ltr'>multam</span> <span class='ocrx_word' id='word_1_526' title='bbox 841 4032 891 4089; x_wconf 89' lang='lat' dir='ltr'>ego</span> <span class='ocrx_word' id='word_1_527' title='bbox 904 4018 1014 4089; x_wconf 79' lang='lat' dir='ltr'>quitletn</span> <span class='ocrx_word' id='word_1_528' title='bbox 1028 4019 1090 4075; x_wconf 88' lang='lat' dir='ltr'>dieo</span> <span class='ocrx_word' id='word_1_529' title='bbox 1102 4019 1161 4091; x_wconf 91' lang='lat' dir='ltr'>glo·</span> <span class='ocrx_word' id='word_1_530' title='bbox 1212 4019 1396 4085; x_wconf 87' lang='lat' dir='ltr'>inchoantem,</span> <span class='ocrx_word' id='word_1_531' title='bbox 1408 4029 1437 4074; x_wconf 89' lang='lat' dir='ltr'>et</span> <span class='ocrx_word' id='word_1_532' title='bbox 1455 4032 1542 4088; x_wconf 86' lang='lat' dir='ltr'>usque</span> <span class='ocrx_word' id='word_1_533' title='bbox 1559 4017 1676 4074; x_wconf 88' lang='lat' dir='ltr'>solarem</span> <span class='ocrx_word' id='word_1_534' title='bbox 1694 4018 1866 4074; x_wconf 83' lang='lat' dir='ltr'>summitatem</span> <span class='ocrx_word' id='word_1_535' title='bbox 1877 4008 1949 4068; x_wconf 65' lang='lat' dir='ltr'>ruia</span> 
     </span>
     <span class='ocr_line' id='line_1_43' title="bbox 371 4106 1949 4181; baseline -0.005 -18"><span class='ocrx_word' id='word_1_536' title='bbox 371 4109 441 4164; x_wconf 87' lang='lat' dir='ltr'>riam</span> <span class='ocrx_word' id='word_1_537' title='bbox 462 4108 623 4180; x_wconf 86' lang='lat' dir='ltr'>quibusdum</span> <span class='ocrx_word' id='word_1_538' title='bbox 652 4118 808 4177; x_wconf 90' lang='lat' dir='ltr'>puetarum,</span> <span class='ocrx_word' id='word_1_539' title='bbox 831 4108 1008 4165; x_wconf 86' lang='lat' dir='ltr'>materialiter</span> <span class='ocrx_word' id='word_1_540' title='bbox 1025 4119 1054 4165; x_wconf 88' lang='lat' dir='ltr'>et</span> <span class='ocrx_word' id='word_1_541' title='bbox 1075 4111 1162 4181; x_wconf 88' lang='lat' dir='ltr'>passi·</span> <span class='ocrx_word' id='word_1_542' title='bbox 1212 4116 1286 4175; x_wconf 87' lang='lat' dir='ltr'>tent,</span> <span class='ocrx_word' id='word_1_543' title='bbox 1309 4108 1408 4165; x_wconf 87' lang='lat' dir='ltr'>deinde</span> <span class='ocrx_word' id='word_1_544' title='bbox 1431 4107 1697 4179; x_wconf 74' lang='lat' dir='ltr'>retrogradientem,</span> <span class='ocrx_word' id='word_1_545' title='bbox 1720 4106 1857 4163; x_wconf 88' lang='lat' dir='ltr'>etiterum</span> <span class='ocrx_word' id='word_1_546' title='bbox 1876 4109 1949 4156; x_wconf 72' lang='lat' dir='ltr'>nonu</span> 
     </span>
     <span class='ocr_line' id='line_1_44' title="bbox 370 4195 1949 4270; baseline -0.003 -15"><span class='ocrx_word' id='word_1_547' title='bbox 370 4197 461 4255; x_wconf 86' lang='lat' dir='ltr'>hiliter</span> <span class='ocrx_word' id='word_1_548' title='bbox 477 4197 684 4263; x_wconf 89' lang='lat' dir='ltr'>remanentium,</span> <span class='ocrx_word' id='word_1_549' title='bbox 700 4206 727 4253; x_wconf 90' lang='lat' dir='ltr'>et</span> <span class='ocrx_word' id='word_1_550' title='bbox 741 4205 883 4253; x_wconf 86' lang='lat' dir='ltr'>creaturae</span> <span class='ocrx_word' id='word_1_551' title='bbox 896 4208 990 4254; x_wconf 85' lang='lat' dir='ltr'>cotum</span> <span class='ocrx_word' id='word_1_552' title='bbox 1004 4199 1162 4258; x_wconf 83' lang='lat' dir='ltr'>Creatorem</span> <span class='ocrx_word' id='word_1_553' title='bbox 1212 4198 1307 4255; x_wconf 87' lang='lat' dir='ltr'>eadem</span> <span class='ocrx_word' id='word_1_554' title='bbox 1329 4208 1358 4255; x_wconf 90' lang='lat' dir='ltr'>et</span> <span class='ocrx_word' id='word_1_555' title='bbox 1377 4214 1504 4255; x_wconf 89' lang='lat' dir='ltr'>oceasum</span> <span class='ocrx_word' id='word_1_556' title='bbox 1526 4207 1555 4254; x_wconf 91' lang='lat' dir='ltr'>et</span> <span class='ocrx_word' id='word_1_557' title='bbox 1574 4198 1802 4270; x_wconf 72' lang='lat' dir='ltr'>repurgationem,</span> <span class='ocrx_word' id='word_1_558' title='bbox 1821 4195 1863 4251; x_wconf 75' lang='lat' dir='ltr'>md</span> <span class='ocrx_word' id='word_1_559' title='bbox 1886 4202 1949 4246; x_wconf 68' lang='lat' dir='ltr'>stul·</span> 
     </span>
     <span class='ocr_line' id='line_1_45' title="bbox 369 4285 1949 4360; baseline -0.006 -11"><span class='ocrx_word' id='word_1_560' title='bbox 369 4291 555 4349; x_wconf 82' lang='lat' dir='ltr'>seruientium.</span> <span class='ocrx_word' id='word_1_561' title='bbox 570 4287 623 4344; x_wconf 88' lang='lat' dir='ltr'>Sed</span> <span class='ocrx_word' id='word_1_562' title='bbox 635 4297 663 4345; x_wconf 88' lang='lat' dir='ltr'>et</span> <span class='ocrx_word' id='word_1_563' title='bbox 673 4287 731 4358; x_wconf 89' lang='lat' dir='ltr'>ipse</span> <span class='ocrx_word' id='word_1_564' title='bbox 741 4288 939 4360; x_wconf 77' lang='lat' dir='ltr'>Apollophanes</span> <span class='ocrx_word' id='word_1_565' title='bbox 950 4304 1003 4345; x_wconf 90' lang='lat' dir='ltr'>non</span> <span class='ocrx_word' id='word_1_566' title='bbox 1015 4302 1110 4347; x_wconf 86' lang='lat' dir='ltr'>sancte</span> <span class='ocrx_word' id='word_1_567' title='bbox 1121 4292 1163 4347; x_wconf 91' lang='lat' dir='ltr'>di·</span> <span class='ocrx_word' id='word_1_568' title='bbox 1213 4289 1277 4345; x_wconf 80' lang='lat' dir='ltr'>dunt</span> <span class='ocrx_word' id='word_1_569' title='bbox 1293 4289 1456 4346; x_wconf 87' lang='lat' dir='ltr'>diametrum</span> <span class='ocrx_word' id='word_1_570' title='bbox 1470 4288 1625 4345; x_wconf 87' lang='lat' dir='ltr'>econtrario</span> <span class='ocrx_word' id='word_1_571' title='bbox 1636 4287 1749 4344; x_wconf 89' lang='lat' dir='ltr'>laetam.</span> <span class='ocrx_word' id='word_1_572' title='bbox 1770 4285 1839 4342; x_wconf 80' lang='lat' dir='ltr'>Talia</span> <span class='ocrx_word' id='word_1_573' title='bbox 1851 4288 1900 4339; x_wconf 81' lang='lat' dir='ltr'>sust</span> <span class='ocrx_word' id='word_1_574' title='bbox 1909 4287 1949 4333; x_wconf 80' lang='lat' dir='ltr'>tut</span> 
     </span>
     <span class='ocr_line' id='line_1_46' title="bbox 371 4366 1948 4478; baseline -0.006 -41"><span class='ocrx_word' id='word_1_575' title='bbox 371 4381 441 4437; x_wconf 86' lang='lat' dir='ltr'>uiuis</span> <span class='ocrx_word' id='word_1_576' title='bbox 454 4381 482 4437; x_wconf 91' lang='lat' dir='ltr'>in</span> <span class='ocrx_word' id='word_1_577' title='bbox 494 4379 585 4435; x_wconf 80' lang='lat' dir='ltr'>divina</span> <span class='ocrx_word' id='word_1_578' title='bbox 601 4379 695 4432; x_wconf 90' lang='lat' dir='ltr'>utitur.</span> <span class='ocrx_word' id='word_1_579' title='bbox 713 4377 750 4437; x_wconf 79' lang='lat' dir='ltr'>Ea</span> <span class='ocrx_word' id='word_1_580' title='bbox 761 4378 833 4433; x_wconf 82' lang='lat' dir='ltr'>enirn</span> <span class='ocrx_word' id='word_1_581' title='bbox 847 4378 1021 4435; x_wconf 78' lang='lat' dir='ltr'>existentium</span> <span class='ocrx_word' id='word_1_582' title='bbox 1035 4381 1160 4448; x_wconf 85' lang='lat' dir='ltr'>selentia,</span> <span class='ocrx_word' id='word_1_583' title='bbox 1176 4381 1343 4478; x_wconf 53' lang='lat' dir='ltr'>1‚temporis</span> <span class='ocrx_word' id='word_1_584' title='bbox 1366 4377 1599 4451; x_wconf 82' lang='lat' dir='ltr'>supernaturalia,</span> <span class='ocrx_word' id='word_1_585' title='bbox 1620 4386 1650 4433; x_wconf 90' lang='lat' dir='ltr'>et</span> <span class='ocrx_word' id='word_1_586' title='bbox 1670 4379 1730 4434; x_wconf 89' lang='lat' dir='ltr'>solo</span> <span class='ocrx_word' id='word_1_587' title='bbox 1748 4376 1847 4433; x_wconf 83' lang='lat' dir='ltr'>Christo</span> <span class='ocrx_word' id='word_1_588' title='bbox 1859 4366 1948 4427; x_wconf 51' lang='lat' dir='ltr'>catal*</span> 
     </span>
     <span class='ocr_line' id='line_1_47' title="bbox 370 4467 1946 4540; baseline -0.004 -11"><span class='ocrx_word' id='word_1_589' title='bbox 370 4471 517 4529; x_wconf 86' lang='lat' dir='ltr'>benedicta</span> <span class='ocrx_word' id='word_1_590' title='bbox 528 4470 562 4526; x_wconf 88' lang='lat' dir='ltr'>ab</span> <span class='ocrx_word' id='word_1_591' title='bbox 572 4469 658 4538; x_wconf 87' lang='lat' dir='ltr'>ipsius</span> <span class='ocrx_word' id='word_1_592' title='bbox 667 4468 846 4539; x_wconf 88' lang='lat' dir='ltr'>philosophia,</span> <span class='ocrx_word' id='word_1_593' title='bbox 859 4469 1108 4527; x_wconf 74' lang='lat' dir='ltr'>etadivinol‘aulo</span> <span class='ocrx_word' id='word_1_594' title='bbox 1117 4487 1163 4528; x_wconf 84' lang='lat' dir='ltr'>sa-</span> <span class='ocrx_word' id='word_1_595' title='bbox 1211 4470 1280 4526; x_wconf 88' lang='lat' dir='ltr'>sima</span> <span class='ocrx_word' id='word_1_596' title='bbox 1302 4470 1403 4524; x_wconf 80' lang='lat' dir='ltr'>virtute</span> <span class='ocrx_word' id='word_1_597' title='bbox 1424 4468 1541 4524; x_wconf 83' lang='lat' dir='ltr'>iaciente</span> <span class='ocrx_word' id='word_1_598' title='bbox 1568 4480 1667 4540; x_wconf 85' lang='lat' dir='ltr'>magas</span> <span class='ocrx_word' id='word_1_599' title='bbox 1692 4476 1721 4524; x_wconf 88' lang='lat' dir='ltr'>et</span> <span class='ocrx_word' id='word_1_600' title='bbox 1748 4467 1849 4537; x_wconf 78' lang='lat' dir='ltr'>ampla,</span> <span class='ocrx_word' id='word_1_601' title='bbox 1868 4470 1946 4532; x_wconf 64' lang='lat' dir='ltr'>qm</span> 
     </span>
     <span class='ocr_line' id='line_1_48' title="bbox 369 4549 1948 4635; baseline -0.005 -18"><span class='ocrx_word' id='word_1_602' title='bbox 369 4560 474 4635; x_wconf 84' lang='lat' dir='ltr'>pientia</span> <span class='ocrx_word' id='word_1_603' title='bbox 491 4559 686 4623; x_wconf 53' lang='lat' dir='ltr'>betramum</span> <span class='ocrx_word' id='word_1_604' title='bbox 704 4567 732 4614; x_wconf 92' lang='lat' dir='ltr'>et</span> <span class='ocrx_word' id='word_1_605' title='bbox 753 4559 788 4613; x_wconf 89' lang='lat' dir='ltr'>ad</span> <span class='ocrx_word' id='word_1_606' title='bbox 808 4559 944 4615; x_wconf 85' lang='lat' dir='ltr'>causalem</span> <span class='ocrx_word' id='word_1_607' title='bbox 962 4560 1081 4630; x_wconf 80' lang='lat' dir='ltr'>ipsorum</span> <span class='ocrx_word' id='word_1_608' title='bbox 1103 4563 1163 4618; x_wconf 80' lang='lat' dir='ltr'>esi·</span> <span class='ocrx_word' id='word_1_609' title='bbox 1211 4576 1264 4618; x_wconf 88' lang='lat' dir='ltr'>non</span> <span class='ocrx_word' id='word_1_610' title='bbox 1284 4569 1327 4617; x_wconf 87' lang='lat' dir='ltr'>est</span> <span class='ocrx_word' id='word_1_611' title='bbox 1350 4558 1515 4616; x_wconf 72' lang='lat' dir='ltr'>numerosi.</span> <span class='ocrx_word' id='word_1_612' title='bbox 1550 4557 1624 4615; x_wconf 83' lang='lat' dir='ltr'>ilaec</span> <span class='ocrx_word' id='word_1_613' title='bbox 1655 4559 1679 4614; x_wconf 90' lang='lat' dir='ltr'>si</span> <span class='ocrx_word' id='word_1_614' title='bbox 1713 4558 1760 4615; x_wconf 90' lang='lat' dir='ltr'>tihi</span> <span class='ocrx_word' id='word_1_615' title='bbox 1776 4549 1948 4626; x_wconf 68' lang='grc' dir='ltr'>ιἰιιιιιιάἱιιι</span> 
     </span>
     <span class='ocr_line' id='line_1_49' title="bbox 371 4644 1945 4723; baseline -0.006 -15"><span class='ocrx_word' id='word_1_616' title='bbox 371 4650 501 4708; x_wconf 79' lang='lat' dir='ltr'>alentium</span> <span class='ocrx_word' id='word_1_617' title='bbox 521 4657 548 4705; x_wconf 89' lang='lat' dir='ltr'>et</span> <span class='ocrx_word' id='word_1_618' title='bbox 571 4648 700 4707; x_wconf 79' lang='lat' dir='ltr'>scientiae</span> <span class='ocrx_word' id='word_1_619' title='bbox 718 4662 823 4717; x_wconf 86' lang='lat' dir='ltr'>eorum,</span> <span class='ocrx_word' id='word_1_620' title='bbox 837 4649 958 4718; x_wconf 89' lang='lat' dir='ltr'>oportuit</span> <span class='ocrx_word' id='word_1_621' title='bbox 977 4650 1069 4706; x_wconf 89' lang='lat' dir='ltr'>reduci</span> <span class='ocrx_word' id='word_1_622' title='bbox 1083 4666 1163 4708; x_wconf 79' lang='lat' dir='ltr'>aeros</span> <span class='ocrx_word' id='word_1_623' title='bbox 1210 4650 1359 4723; x_wconf 88' lang='lat' dir='ltr'>possibile,</span> <span class='ocrx_word' id='word_1_624' title='bbox 1374 4650 1551 4721; x_wconf 77' lang='lat' dir='ltr'>Apollophani</span> <span class='ocrx_word' id='word_1_625' title='bbox 1577 4651 1722 4722; x_wconf 87' lang='lat' dir='ltr'>redargue,</span> <span class='ocrx_word' id='word_1_626' title='bbox 1743 4658 1771 4706; x_wconf 87' lang='lat' dir='ltr'>et</span> <span class='ocrx_word' id='word_1_627' title='bbox 1790 4647 1849 4704; x_wconf 88' lang='lat' dir='ltr'>mihi</span> <span class='ocrx_word' id='word_1_628' title='bbox 1865 4644 1945 4698; x_wconf 66' lang='lat' dir='ltr'>utta</span> 
     </span>
     <span class='ocr_line' id='line_1_50' title="bbox 370 4727 1945 4812; baseline -0.006 -15"><span class='ocrx_word' id='word_1_629' title='bbox 370 4742 555 4812; x_wconf 80' lang='lat' dir='ltr'>philosophos</span> <span class='ocrx_word' id='word_1_630' title='bbox 575 4741 610 4796; x_wconf 80' lang='lat' dir='ltr'>Et</span> <span class='ocrx_word' id='word_1_631' title='bbox 627 4750 655 4796; x_wconf 90' lang='lat' dir='ltr'>ut</span> <span class='ocrx_word' id='word_1_632' title='bbox 674 4755 728 4795; x_wconf 90' lang='lat' dir='ltr'>non</span> <span class='ocrx_word' id='word_1_633' title='bbox 744 4740 828 4811; x_wconf 80' lang='lat' dir='ltr'>ipsam</span> <span class='ocrx_word' id='word_1_634' title='bbox 849 4740 980 4807; x_wconf 88' lang='lat' dir='ltr'>aliorum,</span> <span class='ocrx_word' id='word_1_635' title='bbox 1004 4753 1050 4798; x_wconf 88' lang='lat' dir='ltr'>aut</span> <span class='ocrx_word' id='word_1_636' title='bbox 1074 4743 1158 4812; x_wconf 87' lang='lat' dir='ltr'>ipsam</span> <span class='ocrx_word' id='word_1_637' title='bbox 1211 4741 1417 4797; x_wconf 77' lang='lat' dir='ltr'>convenientem</span> <span class='ocrx_word' id='word_1_638' title='bbox 1439 4739 1488 4795; x_wconf 88' lang='lat' dir='ltr'>tibi</span> <span class='ocrx_word' id='word_1_639' title='bbox 1509 4747 1539 4796; x_wconf 90' lang='lat' dir='ltr'>et</span> <span class='ocrx_word' id='word_1_640' title='bbox 1559 4741 1810 4811; x_wconf 84' lang='lat' dir='ltr'>conspeculantem,</span> <span class='ocrx_word' id='word_1_641' title='bbox 1833 4727 1945 4798; x_wconf 74' lang='lat' dir='ltr'>eterni</span> 
     </span>
     <span class='ocr_line' id='line_1_51' title="bbox 373 4821 1945 4911; baseline -0.004 -25"><span class='ocrx_word' id='word_1_642' title='bbox 373 4831 458 4902; x_wconf 88' lang='lat' dir='ltr'>ipsius</span> <span class='ocrx_word' id='word_1_643' title='bbox 471 4831 541 4887; x_wconf 90' lang='lat' dir='ltr'>ultra</span> <span class='ocrx_word' id='word_1_644' title='bbox 557 4831 628 4901; x_wconf 87' lang='lat' dir='ltr'>quod</span> <span class='ocrx_word' id='word_1_645' title='bbox 644 4831 790 4901; x_wconf 86' lang='lat' dir='ltr'>putandum</span> <span class='ocrx_word' id='word_1_646' title='bbox 810 4829 953 4901; x_wconf 75' lang='lat' dir='ltr'>redarguet</span> <span class='ocrx_word' id='word_1_647' title='bbox 977 4832 1041 4901; x_wconf 88' lang='lat' dir='ltr'>quid</span> <span class='ocrx_word' id='word_1_648' title='bbox 1056 4832 1161 4902; x_wconf 88' lang='lat' dir='ltr'>opinin-</span> <span class='ocrx_word' id='word_1_649' title='bbox 1212 4841 1315 4890; x_wconf 90' lang='lat' dir='ltr'>rentem</span> <span class='ocrx_word' id='word_1_650' title='bbox 1334 4831 1439 4898; x_wconf 89' lang='lat' dir='ltr'>omnia,</span> <span class='ocrx_word' id='word_1_651' title='bbox 1457 4838 1485 4887; x_wconf 88' lang='lat' dir='ltr'>el</span> <span class='ocrx_word' id='word_1_652' title='bbox 1504 4829 1699 4911; x_wconf 75' lang='lat' dir='ltr'>conterentem.</span> <span class='ocrx_word' id='word_1_653' title='bbox 1721 4829 1828 4903; x_wconf 84' lang='lat' dir='ltr'>Negligit</span> <span class='ocrx_word' id='word_1_654' title='bbox 1843 4821 1945 4882; x_wconf 72' lang='lat' dir='ltr'>ediu-</span> 
     </span>
    </p>
   </div>
   <div class='ocr_carea' id='block_1_3' title="bbox 372 4904 1944 5085">
    <p class='ocr_par' dir='ltr' id='par_1_7' title="bbox 372 4904 1944 5085">
     <span class='ocr_line' id='line_1_52' title="bbox 374 4904 1944 4996; baseline -0.006 -20"><span class='ocrx_word' id='word_1_655' title='bbox 374 4934 455 4985; x_wconf 90' lang='lat' dir='ltr'>nem,</span> <span class='ocrx_word' id='word_1_656' title='bbox 476 4928 583 4989; x_wconf 80' lang='lat' dir='ltr'>oportet</span> <span class='ocrx_word' id='word_1_657' title='bbox 603 4920 774 4976; x_wconf 84' lang='lat' dir='ltr'>considerare</span> <span class='ocrx_word' id='word_1_658' title='bbox 794 4920 1026 4991; x_wconf 79' lang='lat' dir='ltr'>apollophanem,</span> <span class='ocrx_word' id='word_1_659' title='bbox 1052 4924 1160 4993; x_wconf 85' lang='lat' dir='ltr'>sapiens</span> <span class='ocrx_word' id='word_1_660' title='bbox 1211 4925 1293 4981; x_wconf 89' lang='lat' dir='ltr'>tionis</span> <span class='ocrx_word' id='word_1_661' title='bbox 1313 4933 1389 4991; x_wconf 90' lang='lat' dir='ltr'>lunc,</span> <span class='ocrx_word' id='word_1_662' title='bbox 1411 4922 1514 4979; x_wconf 88' lang='lat' dir='ltr'>nescio.</span> <span class='ocrx_word' id='word_1_663' title='bbox 1526 4904 1596 4979; x_wconf 79' lang='lat' dir='ltr'>lude</span> <span class='ocrx_word' id='word_1_664' title='bbox 1608 4922 1802 4996; x_wconf 75' lang='lat' dir='ltr'>Apollophanes</span> <span class='ocrx_word' id='word_1_665' title='bbox 1820 4908 1944 4981; x_wconf 66' lang='lat' dir='ltr'>abilensi</span> 
     </span>
     <span class='ocr_line' id='line_1_53' title="bbox 372 5003 1943 5085; baseline 0.003 -16"><span class='ocrx_word' id='word_1_666' title='bbox 372 5012 421 5085; x_wconf 74' lang='lat' dir='ltr'>qui</span> <span class='ocrx_word' id='word_1_667' title='bbox 444 5018 508 5078; x_wconf 87' lang='lat' dir='ltr'>est,</span> <span class='ocrx_word' id='word_1_668' title='bbox 534 5025 588 5067; x_wconf 87' lang='lat' dir='ltr'>nott</span> <span class='ocrx_word' id='word_1_669' title='bbox 613 5010 692 5066; x_wconf 87' lang='lat' dir='ltr'>aliter</span> <span class='ocrx_word' id='word_1_670' title='bbox 713 5010 858 5081; x_wconf 88' lang='lat' dir='ltr'>aliquando</span> <span class='ocrx_word' id='word_1_671' title='bbox 880 5012 1001 5082; x_wconf 87' lang='lat' dir='ltr'>potuisse</span> <span class='ocrx_word' id='word_1_672' title='bbox 1016 5013 1161 5072; x_wconf 85' lang='lat' dir='ltr'>caelestem</span> <span class='ocrx_word' id='word_1_673' title='bbox 1212 5031 1267 5085; x_wconf 88' lang='lat' dir='ltr'>me,</span> <span class='ocrx_word' id='word_1_674' title='bbox 1289 5015 1361 5074; x_wconf 89' lang='lat' dir='ltr'>sicut</span> <span class='ocrx_word' id='word_1_675' title='bbox 1377 5013 1449 5072; x_wconf 82' lang='lat' dir='ltr'>iacta</span> <span class='ocrx_word' id='word_1_676' title='bbox 1469 5024 1543 5081; x_wconf 87' lang='lat' dir='ltr'>sunt,</span> <span class='ocrx_word' id='word_1_677' title='bbox 1561 5013 1706 5072; x_wconf 77' lang='lat' dir='ltr'>conferens</span> <span class='ocrx_word' id='word_1_678' title='bbox 1725 5015 1780 5070; x_wconf 88' lang='lat' dir='ltr'>ait:</span> <span class='ocrx_word' id='word_1_679' title='bbox 1798 5003 1943 5074; x_wconf 57' lang='lat' dir='ltr'>Hastam</span> 
     </span>
    </p>
   </div>
   <div class='ocr_carea' id='block_1_4' title="bbox 410 5143 1649 5323">
    <p class='ocr_par' dir='ltr' id='par_1_8' title="bbox 410 5143 1649 5323">
     <span class='ocr_line' id='line_1_54' title="bbox 1011 5143 1360 5209; baseline 0.014 -10"><span class='ocrx_word' id='word_1_680' title='bbox 1011 5143 1141 5205; x_wconf 76' lang='lat' dir='ltr'>stultu</span> <span class='ocrx_word' id='word_1_681' title='bbox 1158 5146 1360 5209; x_wconf 71' lang='lat' dir='ltr'>unctiones.</span> 
     </span>
     <span class='ocr_line' id='line_1_55' title="bbox 410 5253 1649 5323; baseline 0.001 -8"><span class='ocrx_word' id='word_1_682' title='bbox 410 5253 796 5316; x_wconf 61' lang='grc' dir='ltr'>ιιιιιιιιιιιιιιιιῐιιιιιιιιι.ΒΗι</span> <span class='ocrx_word' id='word_1_683' title='bbox 833 5254 941 5312; x_wconf 78' lang='lat' dir='ltr'>&#39;sich</span> <span class='ocrx_word' id='word_1_684' title='bbox 955 5272 962 5323; x_wconf 91' lang='grc'>;</span> <span class='ocrx_word' id='word_1_685' title='bbox 977 5254 1152 5318; x_wconf 78' lang='lat' dir='ltr'>Eineoleena.</span> <span class='ocrx_word' id='word_1_686' title='bbox 1190 5261 1513 5321; x_wconf 73' lang='lat' dir='ltr'>¹contremens-decent</span> <span class='ocrx_word' id='word_1_687' title='bbox 1525 5275 1579 5317; x_wconf 90' lang='lat' dir='ltr'>om.</span> <span class='ocrx_word' id='word_1_688' title='bbox 1593 5259 1649 5317; x_wconf 80' lang='lat' dir='ltr'>ltu.</span> 
     </span>
    </p>
   </div>
   <div class='ocr_carea' id='block_1_5' title="bbox 1129 5370 1259 5430">
    <p class='ocr_par' dir='ltr' id='par_1_9' title="bbox 1129 5370 1259 5430">
     <span class='ocr_line' id='line_1_56' title="bbox 1129 5370 1259 5430; baseline 0.015 -4"><span class='ocrx_word' id='word_1_689' title='bbox 1129 5370 1259 5430; x_wconf 77' lang='lat' dir='ltr'>botae.</span> 
     </span>
    </p>
   </div>
   <div class='ocr_carea' id='block_1_6' title="bbox 408 5459 1840 5745">
    <p class='ocr_par' dir='ltr' id='par_1_10' title="bbox 408 5459 1691 5533">
     <span class='ocr_line' id='line_1_57' title="bbox 408 5459 1691 5533; baseline 0.005 -17"><span class='ocrx_word' id='word_1_690' title='bbox 408 5469 424 5503; x_wconf 78' lang='lat'>⁸</span> <span class='ocrx_word' id='word_1_691' title='bbox 442 5460 453 5516; x_wconf 90' lang='lat' dir='ltr'>t</span> <span class='ocrx_word' id='word_1_692' title='bbox 470 5462 533 5517; x_wconf 76' lang='lat' dir='ltr'>Cor.</span> <span class='ocrx_word' id='word_1_693' title='bbox 553 5459 584 5515; x_wconf 90' lang='lat' dir='ltr'>ll.</span> <span class='ocrx_word' id='word_1_694' title='bbox 1214 5463 1299 5520; x_wconf 77' lang='lat' dir='ltr'>stol.</span> <span class='ocrx_word' id='word_1_695' title='bbox 1311 5463 1368 5531; x_wconf 77' lang='lat' dir='ltr'>Vll,</span> <span class='ocrx_word' id='word_1_696' title='bbox 1381 5463 1448 5529; x_wconf 80' lang='lat' dir='ltr'>llll,</span> <span class='ocrx_word' id='word_1_697' title='bbox 1462 5464 1510 5531; x_wconf 87' lang='lat' dir='ltr'>lll,</span> <span class='ocrx_word' id='word_1_698' title='bbox 1523 5464 1558 5531; x_wconf 78' lang='lat' dir='ltr'>X,</span> <span class='ocrx_word' id='word_1_699' title='bbox 1572 5465 1618 5533; x_wconf 83' lang='lat' dir='ltr'>xt,</span> <span class='ocrx_word' id='word_1_700' title='bbox 1634 5465 1691 5522; x_wconf 85' lang='lat' dir='ltr'>ltll.</span> 
     </span>
    </p>

    <p class='ocr_par' dir='ltr' id='par_1_11' title="bbox 410 5528 1840 5676">
     <span class='ocr_line' id='line_1_58' title="bbox 410 5528 1840 5604; baseline 0.003 -19"><span class='ocrx_word' id='word_1_701' title='bbox 410 5528 425 5569; x_wconf 68' lang='lat' dir='ltr'>b</span> <span class='ocrx_word' id='word_1_702' title='bbox 444 5531 512 5585; x_wconf 84' lang='lat' dir='ltr'>Dan.</span> <span class='ocrx_word' id='word_1_703' title='bbox 534 5530 564 5583; x_wconf 91' lang='grc' dir='ltr'>ΙΙ.</span> <span class='ocrx_word' id='word_1_704' title='bbox 1251 5533 1373 5588; x_wconf 68' lang='lat' dir='ltr'>ebatth.</span> <span class='ocrx_word' id='word_1_705' title='bbox 1388 5533 1497 5603; x_wconf 63' lang='lat' dir='ltr'>little</span> <span class='ocrx_word' id='word_1_706' title='bbox 1514 5535 1598 5593; x_wconf 81' lang='lat' dir='ltr'>liare.</span> <span class='ocrx_word' id='word_1_707' title='bbox 1612 5534 1670 5604; x_wconf 62' lang='lat' dir='ltr'>ab</span> <span class='ocrx_word' id='word_1_708' title='bbox 1687 5534 1750 5594; x_wconf 80' lang='lat' dir='ltr'>Luc.</span> <span class='ocrx_word' id='word_1_709' title='bbox 1761 5528 1840 5590; x_wconf 75' lang='lat' dir='ltr'>mli·</span> 
     </span>
     <span class='ocr_line' id='line_1_59' title="bbox 410 5597 1385 5676; baseline 0.009 -25"><span class='ocrx_word' id='word_1_710' title='bbox 410 5607 422 5637; x_wconf 56' lang='grc' dir='ltr'>ι</span> <span class='ocrx_word' id='word_1_711' title='bbox 438 5597 519 5654; x_wconf 86' lang='lat' dir='ltr'>lusoe</span> <span class='ocrx_word' id='word_1_712' title='bbox 533 5598 567 5654; x_wconf 87' lang='lat' dir='ltr'>x.</span> <span class='ocrx_word' id='word_1_713' title='bbox 1252 5603 1262 5643; x_wconf 75' lang='lat'><strong>¹</strong></span> <span class='ocrx_word' id='word_1_714' title='bbox 1278 5601 1328 5660; x_wconf 83' lang='lat' dir='ltr'>tob</span> <span class='ocrx_word' id='word_1_715' title='bbox 1343 5604 1385 5676; x_wconf 64' lang='lat' dir='ltr'>Vq</span> 
     </span>
    </p>

    <p class='ocr_par' dir='ltr' id='par_1_12' title="bbox 409 5664 1157 5745">
     <span class='ocr_line' id='line_1_60' title="bbox 409 5664 1157 5745; baseline 0.008 -24"><span class='ocrx_word' id='word_1_716' title='bbox 409 5664 470 5721; x_wconf 65' lang='lat' dir='ltr'>ill</span> <span class='ocrx_word' id='word_1_717' title='bbox 487 5667 552 5737; x_wconf 84' lang='lat' dir='ltr'>lteg.</span> <span class='ocrx_word' id='word_1_718' title='bbox 568 5666 636 5736; x_wconf 78' lang='lat' dir='ltr'>llx3</span> <span class='ocrx_word' id='word_1_719' title='bbox 661 5667 683 5724; x_wconf 94' lang='lat' dir='ltr'>ll</span> <span class='ocrx_word' id='word_1_720' title='bbox 696 5667 758 5723; x_wconf 84' lang='lat' dir='ltr'>Par.</span> <span class='ocrx_word' id='word_1_721' title='bbox 768 5667 901 5745; x_wconf 43' lang='lat' dir='ltr'>..llxltlm</span> <span class='ocrx_word' id='word_1_722' title='bbox 927 5667 989 5726; x_wconf 86' lang='lat' dir='ltr'>lsai.</span> <span class='ocrx_word' id='word_1_723' title='bbox 1004 5668 1157 5739; x_wconf 61' lang='lat' dir='ltr'>illitum</span> 
     </span>
    </p>
   </div>
   <div class='ocr_carea' id='block_1_7' title="bbox 0 0 2088 6625">
    <p class='ocr_par' dir='ltr' id='par_1_13' title="bbox 0 0 2088 6625">
     <span class='ocr_line' id='line_1_61' title="bbox 0 0 2088 6625; baseline 0 2"><span class='ocrx_word' id='word_1_724' title='bbox 0 0 2088 6625; x_wconf 95' lang='lat' dir='ltr'> </span> 
     </span>
    </p>
   </div>
  </div>
 </body>
</html>
