4167 6625
398 538 450 595 915
1080 518 1221 582 JOANNiS
1240 525 1338 583 SCOTi
1956 549 1983 601 qq

397 642 513 721 gerrerali
530 642 654 704 uidelicet
670 642 724 697 rita
751 654 832 711 quam
847 637 958 711 speciali
975 646 1002 693 et
1022 637 1153 709 singulari
1170 638 1189 703 ¹,
1205 642 1228 701 Λ
1243 637 1307 694 bulo
1322 637 1344 669 ¹⁸
1357 638 1673 710 rrrp'sticesiguiilcatur.
1687 637 1982 715 Quodsieuipiuubuu,

393 743 471 814 juria
497 736 628 809 eloquium
648 732 735 805 deficit
761 733 814 788 rito
832 729 915 786 obruis
934 728 969 785 od
985 742 1094 795 terrum,
1107 739 1131 784 ct
1147 729 1193 785 oe·
1245 729 1299 786 bile
1312 730 1418 788 ridetur
1429 742 1457 787 ct
1467 742 1567 788 contra
1581 729 1743 786 naturalem
1757 732 1982 806 ratioummmtuq,

397 830 512 902 iio-leutio
529 829 564 883 od
580 824 792 899 participandum
806 841 863 879 eum
878 820 1072 893 infirmitatem,
1097 823 1192 878 iterum
1243 822 1307 879 bilia
1323 836 1458 895 sensuque
1470 824 1602 881 carentia
1619 823 1649 881 in
1666 823 1813 881 bumanun
1828 829 1922 885 trausbe
1936 847 1982 892 unp

396 937 529 987 corrueras,
553 920 646 973 berum
670 914 797 971 animalia
817 915 896 989 pant.
919 914 947 969 ln
977 913 1076 985 quibus
1101 912 1193 970 verbis
1243 928 1314 979 ram,
1328 914 1446 985 primum
1462 915 1589 973 internus
1605 913 1801 985 conspicetur,
1814 919 1877 988 quod
1894 921 1983 984 interne

396 1011 511 1084 praelati
527 1006 646 1083 theologi
662 1024 716 1065 nou
735 1008 964 1064 resurrectionem
979 1005 1139 1063 animalium
1154 1006 1191 1061 ir·
1244 1006 1378 1062 barnabae
1394 1017 1508 1063 naturae
1525 1015 1647 1079 partes,
1674 1020 1786 1062 sensum
1807 1007 1860 1064 dieo
1878 1026 1980 1083 carpum„

397 1099 610 1167 rationabilium,
636 1115 683 1155 seu
699 1113 790 1154 rerum
812 1112 892 1154 sensu
911 1098 1064 1153 carentium
1085 1097 1192 1152 restitu·
1243 1110 1271 1155 et
1292 1100 1454 1157 nutritivam
1471 1101 1559 1156 ritant
1583 1099 1737 1171 ipsumque
1751 1113 1852 1169 corpus,
1865 1104 1979 1164 irratimi

396 1194 495 1248 tioueru
508 1195 519 1226 ¹
531 1192 557 1246 in
581 1191 714 1263 pristinas
724 1191 831 1263 species
843 1190 1078 1263 quantitatesque,
1094 1188 1193 1261 quibus
1241 1187 1308 1245 lium
1333 1204 1469 1260 sensuque
1484 1191 1647 1246 carentium
1668 1204 1721 1245 nec
1737 1204 1791 1245 uun
1808 1191 1860 1246 et¹'
1871 1201 1980 1253 bunun

395 1284 512 1341 muudus
532 1284 584 1339 iste
603 1283 742 1356 impietur,
758 1283 876 1339 instruam
899 1283 1084 1356 intelligimus,
1101 1282 1191 1338 sedin
1242 1296 1388 1354 corporum
1403 1282 1615 1339 conditionibus
1631 1280 1794 1337 simillimae
1811 1295 1870 1340 sunt
1883 1288 1908 1343 it
1926 1292 1942 1344 ri
1959 1292 1979 1345 iu

395 1392 492 1433 causas
506 1391 582 1441 suras,
597 1391 630 1431 ex
644 1376 742 1448 quibus
756 1376 919 1446 procedunt,
932 1383 960 1431 ct
975 1376 1001 1429 in
1016 1375 1115 1445 quibus
1128 1374 1193 1429 sub-
1242 1382 1295 1442 est,
1310 1376 1376 1446 quid
1390 1376 1489 1433 mirum
1503 1382 1557 1431 'aut
1578 1374 1748 1431 incredibile
1766 1375 1829 1440 ¹⁸,ri
1840 1377 1906 1432 sinilia
1920 1389 1980 1437 baro

395 1466 506 1533 sistunt,
524 1467 639 1522 reditum
655 1481 715 1521 esse
734 1466 865 1521 turturum.
880 1466 939 1521 Nun
954 1467 1026 1521 enirn
1049 1465 1129 1531 dixit,
1154 1463 1192 1520 di·
1242 1475 1305 1521 eant
1323 1466 1350 1520 in
1374 1466 1416 1522 sui
1436 1467 1554 1531 similia,
1580 1477 1614 1521 ut
1639 1481 1674 1521 ex
1706 1465 1799 1522 miritis
1815 1467 1910 1525 sinilibus
1923 1489 1978 1527 uum

397 1561 488 1616 ninam
503 1561 586 1615 vitam
601 1559 741 1633 angelicae
754 1559 923 1614 solummodo
937 1566 964 1613 et
978 1557 1125 1623 humanae,
1140 1557 1192 1614 boe
1242 1558 1369 1629 quiddam
1394 1558 1445 1615 sibi
1469 1559 1559 1615 simile
1586 1558 1743 1626 efficiatur,
1758 1559 1794 1614 ita
1817 1568 1888 1615 muner
1896 1562 1980 1617 inierim

399 1658 451 1716 est,
479 1648 666 1707 intellectualis
683 1657 711 1705 et
725 1647 865 1704 rationalis
892 1642 970 1702 uitae·
983 1662 1095 1703 calisam
1118 1662 1190 1713 esse,
1242 1648 1340 1705 similia
1357 1648 1379 1683 ¹·
1393 1650 1422 1705 in
1443 1650 1743 1722 superiora,quorruu
1763 1650 1920 1707 similitudines
1934 1664 1978 1717 unt

397 1744 444 1797 scd
460 1740 650 1796 universaliter
662 1740 752 1796 omnis
765 1740 846 1795 ritae.
860 1738 956 1795 Omnis
971 1748 1062 1794 autem
1078 1740 1133 1795 vita
1145 1750 1193 1796 aut
1244 1751 1395 1799 transeant.
1408 1742 1468 1799 Non
1480 1745 1552 1800 euim
1569 1742 1715 1800 naturalis
1737 1745 1807 1800 ratio
1824 1744 1877 1800 sinit
1893 1748 1978 1814 suman

393 1831 533 1887 rationalis
543 1840 595 1900 est,
615 1841 646 1887 nt
658 1831 685 1887 in
707 1832 892 1904 superioribus
912 1829 988 1886 libris
1010 1831 1119 1902 copiose
1135 1831 1191 1887 dis·
1242 1835 1269 1891 in
1284 1834 1413 1890 interiora
1427 1836 1538 1901 mutari,
1552 1834 1697 1891 iuferiora
1713 1851 1778 1892 vero
1791 1837 1906 1905 nuperus
1913 1849 1978 1893 naua

392 1932 514 1995 putatum
543 1923 566 1988 ⁸,
590 1933 637 1979 aut
658 1922 837 1990 irrationalis,
864 1932 911 1979 aut
936 1922 1065 1979 nutritiva
1093 1939 1190 1994 corpo·
1243 1922 1304 1979 liter
1319 1935 1451 1997 appetunt
1463 1927 1558 1999 eisque
1572 1925 1676 1983 uolunt
1702 1924 1725 1957 ¹·
1751 1927 1862 1981 adunari.
1884 1927 1978 1997 lemma

393 2030 452 2069 rum
466 2024 493 2070 et
505 2014 611 2070 arretina
625 2014 651 2082 ⁸,
666 2010 718 2071 bor.
738 2025 781 2071 est
793 2018 840 2070 aui
852 2014 985 2086 angelica,
1001 2015 1188 2080 autbumaua,
1204 1998 1228 2060 Β
1242 2030 1350 2086 quoqne
1374 2017 1517 2087 passiones
1543 2018 1756 2075 irrationabilis
1788 2028 1919 2085 crealoris,
1938 2036 1976 2090 qus

393 2108 439 2160 abt
456 2104 591 2171 auirualls,
606 2115 653 2161 aut
667 2122 748 2162 sensu
763 2109 936 2173 carentium,
954 2115 984 2162 ut
996 2114 1060 2162 sunt
1076 2106 1147 2179 ligna
1161 2114 1189 2161 et
1239 2118 1301 2178 post
1318 2107 1339 2139 ¹¹
1354 2123 1448 2165 casum
1470 2108 1594 2167 bominis
1608 2125 1626 2164 a
1640 2108 1777 2181 dignitate
1798 2109 1887 2165 dirime
1901 2110 1976 2177 impu

394 2199 495 2257 herbae
508 2210 655 2273 ceteraque
675 2203 783 2265 similia,
799 2203 826 2256 iu
849 2202 948 2273 quibus
970 2200 1063 2257 vitalis
1087 2202 1188 2257 solum·
1239 2199 1356 2254 insertas
1370 2199 1421 2255 sibi
1432 2200 1658 2274 poenaquadam
1683 2201 1787 2271 peccati
1809 2201 1903 2261 litote·
1920 2212 1974 2255 toto

392 2291 473 2346 ruodo
496 2300 585 2347 nrotus
604 2302 744 2365 operatur.
762 2292 940 2387 onc
955 2308 1009 2349 nou
1023 2294 1056 2348 de
1068 2292 1125 2350 sola
1138 2294 1189 2348 bu·
1238 2297 1400 2353 attraxerat,
1412 2303 1535 2361 quasque
1545 2291 1568 2322 ¹¹
1583 2291 1689 2346 insitas
1700 2289 1852 2345 naturaiiter
1860 2289 1974 2357 sublapsa

392 2398 471 2437 ruma
497 2383 563 2446 uita,
579 2382 625 2441 sed
639 2385 672 2437 ‹lc
687 2383 813 2441 urrrbibus
829 2384 977 2453 praedictis
996 2384 1070 2439 ritae
1087 2383 1189 2453 speeie·
1239 2393 1291 2434 non
1302 2378 1431 2447 babebat,
1445 2381 1548 2437 moseri
1567 2397 1655 2454 posse
1673 2383 1703 2437 in
1718 2382 1770 2447 bis,
1781 2382 1822 2450 qui
1834 2379 1973 2450 perimitur,

390 2473 453 2539 bus,
470 2489 520 2529 nce
534 2472 567 2528 de
581 2475 741 2546 corporibus
760 2474 894 2529 solummo
905 2475 930 2528 lo
945 2474 1083 2540 humanis,
1095 2475 1141 2531 sed
1155 2474 1189 2530 de
1239 2467 1265 2525 itt
1282 2469 1396 2525 virtutes
1411 2470 1561 2527 rnaturales.
1574 2470 1729 2527 Passiones
1741 2479 1825 2525 autem
1839 2468 1973 2535 disolbisti·

394 2566 520 2621 omnibus
542 2581 612 2635 quae
635 2566 745 2636 spiritus
767 2566 839 2620 uitae
853 2575 971 2637 vegetat,
987 2566 1108 2621 divinum
1122 2582 1187 2637 pro·
1241 2568 1296 2614 ‘0¹¹¹
1309 2569 1335 2615 0¹
1350 2560 1500 2626 tristitiam,
1515 2562 1774 2633 C⁰¹¹0⁰lti⁸oe¹tiitsst
1796 2572 1866 2630 iiiut
1887 2561 1972 2618 omna

392 2656 500 2710 nuntiat
520 2656 656 2727 eloquium
672 2675 678 2710 ε
693 2656 803 2727 Auferor
825 2658 946 2729 spirillum
964 2674 1066 2723 eorum,
1083 2668 1108 2713 et
1123 2658 1189 2729 defi·
1238 2662 1267 2708 et
1281 2666 1394 2724 quaeex
1419 2651 1463 2708 bis
1483 2661 1653 2721 naseuntur,
1682 2669 1751 2723 quus
1775 2652 1800 2707 iu
1825 2652 1913 2707 nbtnu
1926 2661 1973 2717 past

390 2746 467 2807 cient,
492 2756 516 2800 et
536 2747 563 2801 in
584 2750 715 2819 puluerem
735 2765 810 2802 suoru
824 2758 994 2804 reuertentur.
1019 2748 1097 2805 Nulla
1115 2750 1188 2807 euim
1238 2745 1339 2801 mutari
1349 2745 1460 2801 dubium
1472 2759 1525 2801 bob
1540 2755 1598 2801 est.
1609 2745 1697 2801 Verbi
1712 2744 1807 2817 qratia,
1822 2739 1973 2811 eonmp'tfflio

390 2837 456 2901 sita,
472 2852 519 2891 seu
539 2836 688 2903 rationalis,
707 2854 753 2893 seu
767 2833 962 2904 animabamur
978 2838 1185 2906 nunciabuntur,
1238 2835 1345 2907 quidem
1374 2834 1564 2895 intellectualis
1594 2837 1755 2894 divinorum
1777 2828 1971 2906 amicabile

390 2934 420 2982 ut
446 2943 498 2983 nou
517 2928 631 2985 'dicam
654 2945 772 3002 semper,
798 2928 986 3000 corruptibilia
1011 2937 1038 2985 et
1062 2928 1187 2984 mortalia
1239 2927 1499 2997 nantiumoperatur
1513 2936 1644 2995 motumq
1671 2926 1793 2998 uoluptas
1812 2939 1866 2981 reru
1881 2924 1971 2977 inurere

391 3003 505 3090 corpora
529 3019 668 3076 viviiicare
692 3024 720 3075 et
742 3018 936 3077 administrare
951 3028 1057 3093 potest;
1074 3021 1188 3093 ideoque
1238 3017 1385 3073 nutritivae
1396 3017 1479 3072 animi
1491 3018 1673 3089 operationis
1686 3016 1823 3083 laetitiam
1835 3015 1970 3079 orurqrurt

390 3108 501 3178 deserit,
515 3126 601 3184 eaque
621 3108 632 3144 ⁸
652 3113 793 3168 deserente
810 3110 935 3170 deficient
949 3114 958 3137 '
974 3128 1099 3186 corpora,
1115 3124 1142 3170 et
1161 3114 1187 3169 iu
1237 3107 1345 3165 futurae
1361 3110 1507 3166 indebetis
1527 3110 1681 3181 providam
1703 3109 1807 3167 ultionis
1827 3119 1912 3167 cunni
1931 3102 1971 3155 iio·

390 3201 528 3270 puluerem
556 3218 635 3257 suum
665 3208 846 3260 revertentur.
868 3202 900 3259 m
918 3205 1185 3276 boerstquorlait:
1238 3202 1350 3257 tristitia
1364 3202 1556 3258 correctricem
1578 3202 1769 3274 inpraesenti
1791 3198 1891 3257 bibrum
1907 3189 1972 3260 poeri-

391 3278 424 3343 br
443 3289 563 3359 deficient
576 3296 599 3357 ⁸,
617 3288 643 3346 id
663 3302 706 3348 est
719 3294 845 3350 anirnaiia
859 3304 885 3352 et
896 3296 1017 3370 germino
1032 3294 1065 3351 ad
1077 3296 1186 3368 partiei-
1239 3295 1362 3351 tentiam.
1381 3294 1409 3350 Si
1423 3309 1488 3369 ergo
1498 3296 1660 3369 passiones,
1673 3313 1744 3370 quas
1757 3290 1885 3354 rationabilis
1899 3294 1970 3342 natura

389 3381 509 3455 pandum
520 3395 581 3438 eam
597 3381 781 3441 iullrunitutetn
793 3388 819 3454 ’ς
836 3383 888 3442 u'un
900 3390 972 3444 enirn
984 3405 1092 3463 semper
1102 3355 1222 3460 parti·C
1237 3403 1271 3444 ex
1285 3386 1464 3444 irrationabili
1484 3389 1511 3444 iu
1534 3390 1662 3460 seipsam
1683 3391 1824 3450 deaurent
1835 3383 1856 3437 b
1872 3374 1969 3436 mrurdu

390 3472 481 3542 cipure
505 3472 588 3526 vitam
609 3479 733 3544 possunt,
746 3485 857 3547 propter
872 3477 1087 3549 corruptibilium
1101 3491 1186 3536 terre-
1238 3479 1345 3535 atrimae
1365 3480 1586 3549 possuntmulari
1609 3467 1924 3544 virtutea,cururutbite
1939 3461 1966 3521 sit.

391 3573 544 3630 uerumque
567 3579 712 3634 corporum
739 3563 924 3623 inllrmitutem
949 3577 977 3624 et
998 3567 1184 3642 iragilitatem.
1237 3568 1322 3642 ipsam
1339 3567 1611 3624 irrationabilitatem
1627 3570 1656 3626 in
1681 3567 1836 3626 aiutuoineu
1852 3550 1966 3614 nimbi·

391 3643 529 3707 Naturalis
553 3659 643 3707 atttebr
663 3651 786 3724 operatio
804 3649 919 3711 ultaein
937 3660 1108 3729 corporibus,
1128 3660 1186 3720 sive
1238 3661 1302 3715 taus
1326 3661 1519 3716 treusruutarii
1552 3661 1625 3720 Nnrn
1650 3671 1680 3720 et
1705 3658 1897 3731 superbiri*
1915 3640 1966 3697 ’Μ

392 3755 423 3795 ra
448 3737 566 3813 regendo
584 3742 641 3797 sire
655 3741 814 3810 deserendo,
832 3745 866 3799 ad
881 3743 1040 3802 Creatorem
1063 3748 1184 3804 omnium
1236 3759 1318 3820 caput
1335 3751 1418 3807 totius
1431 3751 1551 3808 malitiae
1565 3755 1743 3824 perlrlbetur,
1758 3752 1783 3806 iu
1801 3754 1895 3801 amun
1909 3731 1965 3790 ιώ

390 3827 520 3887 rciertur.
541 3831 691 3904 Propterea
715 3834 799 3890 dicit:
813 3833 924 3905 Auferes
942 3837 1069 3914 spiritum.
1081 3855 1184 3905 camur,
1236 3844 1285 3900 stis
1299 3843 1491 3912 excellentiae,
1501 3846 1565 3902 etin
1585 3845 1751 3918 despectum
1770 3848 1874 3897 terreno
1891 3822 1964 3883 illl*

393 3936 446 3976 non
464 3922 536 3993 quod
550 3919 621 3979 Deus
633 3923 740 3979 auderat
752 3925 878 3997 spiritum
889 3921 971 3982 ullius
981 3929 1115 3999 eorporis,
1136 3927 1184 3984 sed
1237 3939 1300 3996 rarle
1313 3939 1339 3993 ln
1351 3938 1429 3994 bunis
1444 3940 1601 3996 homiuibus
1618 3941 1747 4001 verritur,
1759 3936 1851 3992 dicem
1863 3915 1962 3993 inoff*

388 4013 459 4083 quod
473 4011 543 4070 sirint
554 4009 576 4047 ¹⁶
587 4016 699 4086 spiritns
711 4017 906 4089 corruptilibus
916 4019 1078 4091 corporibus
1089 4036 1185 4094 grara-
1236 4025 1494 4094 Quaernrsumruut
1505 4032 1606 4100 ,rapite
1624 4047 1679 4086 non
1698 4028 1721 4064 ¹⁸
1739 4037 1802 4098 ettae
1818 4031 1880 4087 ‘lit'
1896 4017 1962 4100 'W‘

389 4112 431 4158 tos
443 4099 464 4135 ⁸¹
477 4103 511 4157 ab
523 4104 562 4159 eis
574 4105 689 4161 deiicere
701 4105 734 4160 ari
747 4114 864 4178 tempus,
887 4109 914 4164 lu
934 4111 1047 4165 eandem
1063 4113 1185 4169 iueorru·
1235 4116 1411 4189 iireriterque
1422 4117 1577 4184 dicendum,
1593 4119 1703 4176 nullum
1719 4116 1808 4172 vitium
1819 4118 1879 4166 erse,
1890 4095 1937 4168 qual
1947 4104 1963 4188 'f'

387 4191 595 4264 ptibiiitatcmet
606 4193 824 4267 spiritualitatem
840 4213 969 4256 conuersa
982 4201 1004 4239 ¹¹
1020 4199 1119 4258 iterum
1135 4220 1183 4259 na·
1234 4207 1410 4277 sapientibus,
1426 4207 1519 4266 diviua
1531 4209 1620 4280 gratia
1638 4210 1664 4265 in
1680 4207 1720 4264 eis
1731 4204 1753 4244 ¹⁸
1765 4204 1882 4274 operante·
1899 4193 1962 4277 mtto

390 4284 471 4340 turaii
494 4295 569 4341 urotu
590 4289 751 4345 reversuris.
773 4289 850 4358 Quod
868 4291 942 4346 enim
956 4292 997 4347 eis
1009 4295 1182 4365 congenitum
1235 4295 1261 4352 in
1283 4298 1478 4354 virtutemnon
1494 4299 1590 4370 possit.
1603 4300 1647 4355 Ae
1664 4299 1705 4356 aie
1717 4297 1748 4352 de
1763 4289 1849 4349 malitia
1861 4281 1912 4338 solet
1926 4272 1961 4327 iti

388 4386 431 4432 est
445 4376 471 4432 iu
486 4376 557 4433 bunc
571 4380 712 4446 mnndum,
727 4395 780 4436 nou
795 4392 909 4452 possunt
923 4399 1031 4455 semper
1044 4385 1181 4452 deserere,
1234 4386 1353 4453 bonitas,
1367 4390 1400 4444 de
1414 4389 1537 4445 bonitate
1551 4400 1644 4446 autem
1657 4398 1816 4462 nequaquan
1832 4363 1961 4433 natifilii-⁸¹¹·

387 4467 434 4524 sed
460 4472 622 4543 quandoque
650 4470 727 4528 ilnito
756 4471 856 4530 mundo
884 4474 1034 4546 recipient,
1062 4476 1125 4534 dum
1154 4480 1181 4534 in
1234 4486 1278 4532 tus
1292 4478 1424 4548 siquidem
1438 4480 1569 4538 bonitatis
1594 4480 1763 4537 eontrarium
1784 4472 1819 4530 sui
1841 4469 1862 4521 in
1885 4459 1961 4548 oriols·

387 4559 486 4625 causis,
503 4561 573 4630 quod
598 4563 668 4632 regit
690 4561 712 4595 ¹’
732 4563 759 4618 el
782 4561 854 4635 qnod
880 4566 985 4636 regitur
1007 4564 1039 4633 ¹⁸,
1065 4568 1180 4624 mirabili
1233 4569 1367 4625 consumit
1379 4570 1412 4622 ¹⁸.
1429 4569 1547 4629 ilalitiae
1556 4587 1623 4627 reru
1636 4573 1752 4629 dedecus
1769 4556 1873 4621 mutan
1882 4543 1959 4642 '’Q''

387 4654 504 4723 ibadam
517 4657 539 4690 ¹¹
554 4657 696 4715 barnmnia
707 4676 791 4716 ninum
806 4661 987 4734 inseparabile
1000 4664 1119 4720 loturum
1134 4667 1179 4721 sit.
1234 4661 1353 4716 buliuem
1368 4660 1525 4718 decolorare
1543 4662 1711 4736 impossibile
1723 4667 1772 4716 est.
1795 4653 1820 4709 Si
1836 4649 1904 4713 tuque
1918 4641 1959 4727 Ψ

387 4743 503 4816 ideoque
514 4749 551 4803 ail
570 4766 576 4803 :
592 4745 689 4806 Emitte
699 4752 819 4822 spiritum
831 4764 915 4819 tuum,
925 4763 949 4808 et
964 4757 1182 4812 erementanos
1235 4750 1261 4805 iu
1278 4751 1402 4817 uirtutes,
1419 4766 1480 4807 cum
1500 4751 1550 4808 sibi
1565 4753 1681 4812 iurieern
1693 4739 1877 4810 munburdo·
1888 4732 1956 4783 ΜΠ

388 4832 411 4886 si
426 4832 527 4890 diceret
548 4849 555 4890 t
579 4839 705 4909 spiritum
719 4840 840 4910 vitalem,
857 4859 938 4915 quem
962 4843 1061 4908 iecisti,
1077 4848 1181 4915 euritte,
1235 4858 1286 4897 nou
1303 4858 1432 4913 neganrns
1451 4863 1458 4899 ε
1480 4860 1530 4900 eur
1557 4855 1671 4903 naturas
1697 4843 1827 4902 inferiores
1842 4832 1861 4886 it
1879 4824 1956 4916 ΜΨ

389 4928 441 4982 boc
456 4934 509 4992 est,
522 4929 608 4984 emitti
621 4939 648 4986 et
663 4932 752 4988 redire
767 4934 794 4988 in
806 4951 931 5006 corpora,
942 4953 1012 5009 quae
1027 4940 1183 5009 temporali·
1234 4933 1400 5004 superiores,
1412 4939 1475 4989 (¹¹¹¹ss
1489 4935 1540 4991 sibi
1555 4937 1629 4995 ”⁰¹¹0
1644 4937 1723 4994 modo
1742 4915 1954 5009 qdvumnbblln‘

388 5027 431 5073 ter
443 5017 571 5084 deseruit,
584 5023 698 5076 naturali
715 5025 835 5094 appetitu
848 5026 983 5082 volentem
1011 5028 1100 5083 redire
1122 5046 1182 5099 per·
1234 5025 1279 5079 bili
1299 5025 1415 5095 quadum
1444 5028 1607 5083 aouuatiuue
1641 5022 1786 5086 transluudi
1810 5005 1944 5082 „mgnum

387 5108 475 5164 mitte.
491 5105 525 5161 Et
536 5105 672 5163 renovabis
685 5110 780 5180 sociem
795 5122 890 5179 terroe,
907 5114 958 5168 boe
982 5124 1032 5179 est,
1055 5118 1182 5173 adunatis
1232 5115 1305 5172 Satis
1320 5115 1354 5169 de
1368 5116 1411 5172 iris
1424 5116 1524 5173 dietum
1539 5119 1562 5151 ¹⁸
1575 5118 1648 5176 Drsc.
1664 5120 1734 5175 Satis
1747 5113 1822 5186 plane.
1935 5172 1939 5183 ι

387 5200 606 5272 inseparabiliter
620 5202 779 5273 corporibus
796 5204 852 5259 suis
876 5205 1002 5262 uitalibus
1027 5210 1180 5276 speciebus,
1266 5209 1311 5266 96.
1333 5209 1404 5268 bio.
1422 5211 1554 5279 Quoniam
1569 5229 1634 5271 vero
1654 5215 1688 5272 de
1707 5225 1748 5273 eo.
1761 5199 1822 5275 ’ΨΜ
1839 5184 1951 5249 ¹⁸me

387 5291 553 5354 restaurabis
565 5295 748 5368 iutegritatem
761 5303 884 5364 naturae,
898 5313 967 5369 quae
988 5308 1077 5356 terrae
1099 5316 1179 5357 roca·
1230 5317 1374 5372 corporum
1391 5302 1506 5360 naturali
1519 5303 1634 5371 uirtute,
1645 5304 1734 5362 dirim
1747 5292 1822 5369 qmiit
1831 5273 1948 5349 Wmoe'

1025 5455 1154 5514 VARidE
1170 5456 1373 5518 bbc'ltobbs

1820 5572 1848 5637 ῃ
1857 5567 1875 5623 Α
1885 5554 1947 5613 reon·

384 5651 549 5710 'Atrine
643 5656 746 5722 CFeu,
772 5673 834 5726 quo.
889 5655 961 5712 'sic
981 5655 1024 5722 tt;
1048 5658 1239 5728 CFrielirr'unt.
1298 5660 1420 5729 ⁸SicA;
1445 5660 1704 5731 caeremonia.
1755 5646 1814 5705 ’CF
1835 5629 1944 5750 ''fiwq'

388 5723 702 5827 ¹⁰5³⁰CH3M⁶³f''‘¹‘·
747 5723 1075 5853 ¹33³⁰?.Fplw'f,¹'‘}'“⁸'
1120 5730 1461 5855 ”Sif,CF3AK⁰”⁰‘,{⁸⁰2
1499 5732 1522 5766 ¹⁸
1534 5731 1697 5855 S.⁵⁰.'CF³A
1707 5727 1780 5851 'posia
1787 5709 1944 5844 ὒέἶῗξῑξίᾗζῑ.

385 5802 514 5917 {nequeenim
527 5798 1011 5948 ‘ip'ppiaengipitshperiomuoeilacou
1024 5809 1157 5925 qOrevrorlpgn
1169 5813 1330 5927 orufttiqml'
1347 5838 1392 5926 {lie
1401 5805 1446 5929 d?
1452 5820 1462 5940 ,1
1466 5804 1680 5946 Igmazen*
1692 5873 1714 5929 Α
1726 5875 1785 5941 4⁸⁶³
1796 5826 1855 5930 (ᾧ
1868 5853 1905 5896 Μ’
1913 5827 1941 5892 M

385 5932 558 5990 ''detnom
597 5935 821 5996 ”ruusomb
859 5941 883 5973 ¹⁸
894 5942 939 5998 Sic
950 5939 1146 6008 CF3Amutut
1160 5943 1187 5998 in
1202 5943 1323 5998 sonuum.
1361 5941 1384 5973 ¹⁸
1395 5943 1559 6002 dictamum.
1606 5945 1659 6004 (ΞΒ.

423 5583 488 5641 ¹OE
501 5601 582 5656 quam
595 5583 720 5689 speciales
730 5594 754 5640 et
767 5584 924 5656 airrquiorer.
971 5586 1253 5646 ‘drestaurntiouem
1299 5589 1684 5662 ‘stectbbubpeuetmm
1729 5576 1818 5641 ‘53⁶⁶
