4167 6625
119 434 174 492 sta
545 429 590 485 nu
609 426 778 487 otttstonn
797 420 970 481 aaronis.
990 423 1141 481 -ttnsa
1159 421 1336 494 ausurus.
1550 402 1561 421 ’
1696 430 1749 487 neq

119 546 177 602 sint
197 550 288 599 nutem
309 542 457 598 animantia
483 542 527 597 illa
550 551 578 598 et
597 541 702 598 hestiae
721 549 820 606 terrae,
842 539 913 595 inter
925 538 953 599 A
965 537 1051 611 liujus
1061 540 1196 613 serpentis
1208 549 1305 613 peetus
1318 547 1361 597 est
1379 542 1523 613 pandentia
1535 543 1635 610 carnis,
1652 544 1751 618 inqua

121 652 193 709 quae
211 632 329 690 carnalis
345 632 498 699 delectatio,
515 648 564 705 per
577 648 658 704 quam
672 633 795 689 diahulus
808 631 913 688 seducit
963 633 1114 691 diabolicae
1132 633 1236 690 iraodis
1249 634 1384 691 calliditas
1404 636 1568 695 dominatur.
1587 639 1678 696 liranis
1689 656 1753 713 quo·

122 730 253 792 animam,
275 738 304 783 et
327 727 355 783 io
373 742 425 798 qua
441 725 524 782 ‘selani
543 723 685 796 principaii
709 726 773 781 sede
797 723 911 792 habitat,
963 740 1015 796 quc
1027 733 1054 781 et
1068 724 1211 796 falsiloqua
1223 726 1367 798 sapientia,
1378 742 1448 798 quae
1461 730 1581 786 animum
1594 746 1648 788 nou
1659 732 1754 790 aedili·

121 820 305 894 pulcherrime
327 830 356 876 et
375 820 561 891 copiosissime
583 827 693 876 sanetus
711 820 870 877 nmhmsius
883 819 912 877 lu
962 826 1018 884 cat,
1034 818 1082 873 sed
1096 817 1182 884 inllat,
1196 826 1292 890 pectus
1313 818 1372 891 ejus
1382 828 1434 876 est.
1449 820 1573 879 Camalis
1586 824 1678 897 itaque
1691 840 1754 897 pro-

119 913 192 970 lihro
204 914 238 969 dc
249 912 523 983 Paradisoesposuit.
538 912 689 969 Stmteuim
700 927 795 970 omnes
807 914 913 970 irratio·
963 909 1104 977 dentia,et
1122 909 1210 966 inanis
1228 909 1363 981 lallaxquc
1382 912 1488 983 sophia,
1502 923 1597 985 pectus
1618 919 1753 988 serpentis

118 1004 228 1059 nabiles
258 1005 399 1074 passiones
433 1003 601 1060 rationabilis
630 1014 740 1061 nostrae
776 1014 911 1075 naturae,
962 1010 1013 1069 est,
1034 1002 1331 1072 quasneusnestmet.
1345 1003 1472 1072 Perdam,
1488 1006 1753 1079 iuquit,scpiestisns

118 1110 205 1165 quam
218 1104 303 1150 tarrae
314 1095 744 1152 rocahulodlrinacommemomt
760 1098 910 1169 Scriptura.
962 1095 1130 1165 sapientiem,
1143 1104 1167 1149 et
1180 1094 1514 1167 prudentiam'pmdentum
1527 1098 1681 1168 reprobato.
1697 1099 1753 1155 Sed

118 1184 155 1238 Et
171 1196 208 1238 ne
228 1184 344 1249 mireris,
357 1184 428 1255 quod
443 1185 549 1241 mistim
568 1201 600 1242 ac
614 1186 696 1241 reluti
712 1186 858 1244 indiscrete
883 1195 912 1245 el
962 1186 985 1242 si
998 1187 1122 1257 quaeris,
1136 1187 1224 1257 qualis
1238 1186 1389 1243 differentia
1403 1188 1439 1244 sit
1454 1189 1525 1247 inter
1535 1190 1755 1262 earnispmden·
1842 1232 1844 1235 .

118 1274 241 1331 earnalis
252 1274 395 1331 delectatio
407 1284 435 1331 et
446 1278 547 1333 astutia
560 1277 692 1334 diabolica
709 1280 735 1333 iu
752 1280 837 1352 ligura
850 1294 911 1336 ser-
962 1278 1028 1332 tiam
1042 1285 1070 1333 et
1085 1278 1192 1334 inanem
1205 1277 1419 1350 philosophiam,
1434 1281 1506 1336 hane
1519 1281 1691 1338 discretionis
1701 1296 1750 1337 ac-

116 1366 211 1434 pcntis
224 1364 409 1437 significatum
427 1366 654 1437 aliquandoenim
670 1369 757 1439 ipsum
772 1370 909 1426 diabolum
961 1368 1022 1439 cipe
1045 1368 1196 1424 turmulam.
1219 1368 1365 1424 Prudentia
1386 1370 1478 1426 caruis
1500 1378 1544 1427 est
1561 1370 1628 1428 laisa
1651 1373 1749 1441 uirtus,

115 1454 241 1511 absolute
256 1455 366 1513 coluber
382 1456 426 1513 iile
443 1458 606 1523 conformat,
620 1460 766 1532 aliquando
783 1460 910 1518 libidino-
962 1472 1031 1527 quae
1048 1458 1114 1512 titia
1128 1458 1260 1514 virtutum
1274 1458 1411 1515 coloribus
1430 1460 1519 1532 tingit,
1534 1476 1605 1533 quae
1616 1461 1749 1518 malitiam

115 1562 179 1601 snm
191 1546 365 1616 decepissent)
377 1548 537 1605 squammis
556 1552 674 1617 animae,
691 1551 744 1607 1100
757 1561 798 1608 esp
810 1567 910 1608 cama.
961 1547 1076 1602 honitati
1100 1546 1260 1604 similatorie
1287 1548 1451 1617 conformat,
1465 1564 1537 1621 quae
1555 1552 1751 1623 turpitudinem

115 1637 181 1693 liter
194 1637 311 1695 virentis
325 1640 486 1710 appetitum,
502 1641 647 1711 aliquando
663 1644 774 1701 contuse
786 1652 815 1701 et
827 1645 911 1702 indis·
960 1635 1111 1692 liuueututlu
1129 1637 1223 1695 hahita
1242 1647 1368 1705 suerunt,
1389 1640 1462 1710 inens
1475 1655 1540 1696 uem
1553 1641 1691 1712 simplices
1703 1656 1750 1698 ve·

115 1729 202 1785 tincte
221 1740 377 1801 utrumque,
390 1739 417 1787 ct
440 1732 554 1788 alterum
583 1734 609 1788 in
640 1734 726 1790 altem
750 1744 909 1793 conensem-
961 1744 1059 1800 rasque
1073 1730 1188 1786 uirtutes
1201 1731 1364 1799 dissimulat,
1381 1747 1415 1789 ae
1433 1735 1533 1789 mentis
1552 1733 1701 1802 obtutibus,
1716 1751 1753 1794 ne

114 1820 166 1875 tim
193 1825 202 1857 ¹
221 1821 351 1878 insinuat.
373 1821 430 1879 Nec
449 1824 601 1893 immerito;
624 1825 738 1881 alterium
759 1827 829 1883 enim
850 1828 946 1902 sinen
961 1820 1066 1876 illumin
1084 1821 1219 1877 sinceram
1241 1822 1337 1879 facient
1354 1825 1439 1894 possit
1452 1841 1618 1898 agnoscere,
1641 1828 1753 1884 subtra-

113 1911 204 1968 altem
218 1913 405 1985 separabiliter
415 1929 475 1971 esse
485 1931 538 1971 non
551 1924 650 1987 potest,
663 1915 821 1989 unicunque
832 1919 905 1974 emm
959 1911 1048 1966 hertdo
1058 1911 1186 1979 occultat,
1205 1928 1238 1969 ac
1258 1917 1299 1971 sic
1311 1916 1437 1973 carnales
1451 1932 1549 1975 sensus
1562 1918 1673 1990 decipit,
1685 1920 1747 1977 ani·

113 2002 200 2059 luerit
212 2002 491 2061 libidinosusanimae
504 2007 650 2071 contuitus,
666 2007 815 2078 ihiahsquc
830 2022 906 2064 tuora
958 2016 1070 2072 masque
1090 2003 1202 2068 deludit,
1227 2004 1421 2076 fallacibusque
1448 2007 1470 2040 ¹⁰
1494 2008 1647 2079 phantasiis
1668 2008 1749 2066 inise-

115 2093 208 2149 aderit
220 2092 348 2149 immundi
360 2094 471 2165 spiritus
489 2110 634 2152 necessust
650 2097 802 2168 ubicunque
813 2106 904 2155 autem
957 2107 1017 2147 rom
1036 2092 1171 2163 virtutum·
1189 2093 1290 2162 nituit,
1314 2097 1464 2168 mortisque
1480 2106 1608 2155 aeternas
1632 2100 1751 2158 tenebris

116 2186 191 2242 adsit
212 2186 360 2243 diabolicae
380 2188 496 2244 astutiae
520 2187 656 2253 introitus,
678 2187 715 2243 ihi
742 2203 797 2245 nou
818 2188 906 2245 deerit
956 2186 1095 2257 opprimit.
1113 2186 1279 2244 luanisrero
1293 2188 1451 2261 inutilisque
1465 2191 1660 2260 sapientiaest,
1673 2192 1750 2263 cujus

113 2278 276 2350 universalis
289 2279 412 2335 malitiae
428 2280 557 2350 pruritus.
582 2278 611 2334 ln
635 2295 796 2352 quacunque
816 2290 905 2337 autem
956 2280 1109 2349 exemplum
1133 2277 1251 2334 unanime
1270 2279 1297 2334 in
1318 2278 1428 2336 iudaeis
1450 2281 1571 2352 periidis,
1593 2283 1752 2338 venenosis-

111 2387 247 2443 corporeo
259 2368 357 2438 sensu,
372 2372 457 2443 quiin
470 2373 555 2445 ligura
568 2372 690 2429 mulieris
703 2373 823 2443 ponitur,
838 2373 904 2429 lisec
956 2380 1010 2434 que
1020 2367 1165 2424 haereticis
1174 2367 1196 2399 ¹¹
1211 2367 1293 2438 riget,
1306 2382 1376 2438 quae
1387 2368 1493 2425 literam
1500 2369 1608 2426 divinae
1617 2370 1748 2428 historiae

109 2463 369 2529 satannianorum,
390 2465 544 2520 suessam
564 2464 674 2519 ttttcnm
696 2480 772 2530 estu,
797 2465 905 2523 iunctas
956 2457 1273 2529 mtummooossqunm,
1289 2460 1576 2530 epternacense
1596 2465 1750 2537 esemel·

110 2568 207 2622 escae,
225 2554 276 2610 hoc
299 2561 349 2617 cst,
370 2553 552 2610 materialium
578 2569 669 2610 rerum
696 2555 904 2626 pulchritudinis
955 2564 1017 2607 eum
1027 2549 1194 2606 intellectum
1206 2551 1276 2621 odit,
1289 2552 1404 2622 spernit,
1415 2552 1537 2625 negligit,
1552 2554 1748 2627 ignorat,qnae

110 2654 247 2718 sequetur
262 2645 369 2712 anesim
381 2660 451 2716 quae
465 2652 580 2701 mortem
598 2645 704 2701 animae
717 2644 811 2710 inlert,
826 2645 903 2717 cujus
955 2642 989 2698 de
1010 2651 1107 2697 natura
1127 2657 1219 2697 rerum
1240 2641 1325 2699 ialam
1346 2643 1497 2715 inanesque
1517 2644 1621 2702 tabulas
1643 2645 1746 2717 shsqtre

110 2739 212 2795 mortis
228 2754 301 2793 mors
322 2738 445 2810 corporis
467 2736 563 2793 umbra
583 2746 635 2794 est.
655 2737 694 2792 iic
715 2737 904 2794 maledictione
954 2732 1009 2788 ulla
1017 2732 1254 2789 verisimilitudine
1264 2733 1299 2788 nd
1317 2732 1469 2791 illudendas
1480 2735 1630 2792 carnalium
1651 2736 1673 2775 ’¹
1690 2737 1746 2791 ani·

109 2842 214 2897 sumtu,
230 2844 284 2901 qua
298 2844 410 2903 serpeus
422 2829 566 2885 damnatus
578 2837 631 2896 est,
646 2830 733 2899 deque
749 2830 902 2898 sententiis,
954 2839 1014 2880 uras
1026 2825 1211 2893 machinatur,
1237 2826 1401 2882 naturalium
1422 2828 1577 2895 rationum,
1598 2829 1745 2885 secundum

107 2936 181 2992 quae
195 2921 222 2976 lo
235 2920 395 2985 mulierem,
412 2920 492 2991 inque
513 2920 600 2975 uirum
620 2934 698 2977 somn
714 2920 800 2977 lislam
814 2922 904 2994 prola·
954 2931 1023 2988 quas
1033 2917 1161 2973 universa
1172 2927 1298 2975 creatura
1309 2918 1382 2977 iacta
1391 2929 1443 2987 est,
1459 2921 1745 2994 veritateeontempta,

108 3019 156 3066 tae
182 3013 280 3078 'snut
300 3011 328 3067 in
342 3009 440 3082 quibus
453 3010 513 3080 plus
527 3010 730 3069 misericordiae
743 3011 903 3085 intelligitur
954 3008 1147 3064 inusitatorum
1169 3010 1313 3066 verborum
1340 3024 1501 3082 pomposum
1526 3012 1746 3084 grandiloquum·
1802 3008 1805 3013 ’

109 3120 194 3177 quam
207 3104 351 3173 vindictae,
367 3102 531 3174 superfluum
550 3105 737 3161 inaccessam
753 3105 901 3162 ⁸numnt-
954 3112 1007 3168 que
1021 3097 1140 3169 teporsm
1153 3099 1298 3167 ventitans,
1315 3115 1365 3157 seu
1380 3100 1516 3158 naitanum
1528 3104 1743 3175 propositionum

109 3205 185 3255 cere.
200 3197 274 3266 Quod
286 3198 359 3254 euim
379 3197 511 3253 asanctis
523 3196 647 3253 Patribus
664 3198 732 3254 satis
751 3209 794 3255 est
807 3197 899 3270 expia·
912 3198 936 3264 G
951 3192 1222 3265 syllogismorumque
1240 3194 1372 3251 contortis
1396 3195 1516 3257 crinibus
1539 3196 1662 3253 veritatis
1683 3194 1741 3251 lor·

107 3300 214 3357 nacon,
236 3290 381 3362 exptansm
402 3287 525 3347 tuscanis
547 3291 683 3348 ridebitur
699 3304 753 3348 non
774 3306 901 3349 necass-
951 3299 1035 3353 nram,
1045 3284 1227 3356 quamnam
1237 3285 1514 3358 omtptacstmunm.
1522 3286 1571 3343 uls
1580 3285 1746 3359 taqueum-

106 3386 194 3451 rium,
205 3392 234 3440 et
245 3385 315 3454 quod
330 3383 357 3438 in
368 3383 474 3439 illorum
486 3384 594 3454 seriptis
606 3385 761 3456 plenissime
777 3384 901 3457 planissi·
950 3379 1001 3434 but
1014 3386 1110 3449 pectus
1120 3378 1324 3449 ”mullislloe
1334 3385 1387 3445 est,
1398 3376 1532 3434 ilnbulltu
1542 3377 1746 3434 ustuliueulun·

105 3489 212 3544 meque
222 3473 367 3538 inuenitur,
379 3488 428 3530 cot·
441 3489 457 3529 a
470 3473 557 3540 nohis,
571 3473 640 3531 lorte
651 3477 713 3546 quis
726 3474 807 3542 dicct,
821 3474 900 3547 quasi
950 3469 1071 3540 littusque
1085 3467 1296 3525 delectetionutn
1315 3467 1442 3525 illecebra
1452 3466 1645 3539 componitur:
1663 3482 1745 3539 snpcr

104 3563 210 3619 melius
224 3563 426 3632 explanaturis·
439 3566 598 3636 repetatur?
609 3566 686 3633 Quod
696 3566 767 3622 absit
779 3566 812 3621 de
823 3565 835 3598 ⁸
848 3580 902 3622 no·
949 3560 1030 3632 qnod,
1044 3560 1221 3632 pectusdieo,
1233 3559 1401 3631 serpensille
1415 3560 1554 3633 graditur,
1565 3558 1745 3617 hoccstexal·

106 3656 152 3711 hia
165 3654 328 3721 existimari,
342 3670 403 3732 cum
427 3655 533 3712 illorum
548 3655 685 3727 ‘vestigia
700 3658 747 3712 rix
763 3656 900 3714 valeamus
950 3660 1033 3717 tatur,
1047 3659 1075 3707 et
1089 3649 1604 3723 dequoglorillcatur,totumhomlnem
1618 3649 1745 3721 supplan·

106 3743 250 3814 consequi.
269 3745 344 3801 Ihse.
368 3743 426 3800 Nou
450 3745 633 3801 necessarium
655 3745 735 3816 plane
750 3746 897 3813 rideretur,
949 3751 1019 3799 tans.
1034 3742 1069 3798 lit
1085 3743 1139 3799 hoc
1162 3758 1196 3799 cx
1223 3741 1315 3798 serbis
1333 3743 1499 3814 propheticis
1520 3743 1599 3798 datur
1617 3741 1741 3813 intelligi.

107 3834 132 3893 si
149 3836 203 3891 hoe
222 3833 310 3890 solnm
327 3849 380 3890 non
395 3835 527 3890 obstaret.
552 3834 649 3890 ilimm
666 3850 784 3905 namque
796 3836 900 3893 ridebi-
949 3833 1007 3891 Nou
1016 3834 1090 3890 enim
1100 3832 1261 3906 simpliciter
1269 3832 1348 3900 dixit,
1363 3847 1445 3903 super
1458 3840 1552 3903 pectus
1573 3840 1647 3887 tuum
1663 3845 1742 3900 repes

108 3937 154 3982 tut
167 3933 197 3983 ct
211 3926 310 3983 rationi
334 3927 474 3997 textuique
487 3926 677 3998 disputationis
695 3928 898 3995 inconveniens,
949 3926 1156 3999 relscrpcs,scd
1167 3926 1485 3997 figurate,superpectus
1503 3932 1579 3979 tuum
1597 3921 1741 3992 gradieris.

107 4035 167 4082 cnr,
185 4033 247 4074 com
259 4018 469 4090 paeneomnia,
495 4019 621 4090 quaeda
651 4004 755 4074 natura
779 4020 898 4091 paradisi
948 4018 1033 4075 Nemo
1045 4018 1144 4089 quippe
1157 4017 1179 4050 ’⁸
1192 4018 1301 4087 pmprie
1314 4016 1486 4088 praedicatu
1505 4016 1743 4087 desen-pentemi-

108 4107 269 4180 spiritualis,
284 4110 370 4180 deque
382 4110 436 4176 his,
449 4123 520 4180 quae
533 4110 560 4164 in
573 4123 606 4166 eo
621 4109 692 4166 lacta
709 4109 793 4166 luisse
805 4111 899 4181 Scrip-
949 4110 1002 4165 mal
1011 4108 1169 4179 gressibile,
1183 4109 1231 4164 sed
1239 4108 1658 4181 reputettmuesmemanimat,
1668 4107 1741 4179 quod

109 4209 170 4255 tura
196 4207 402 4266 commemorat,
429 4199 542 4256 dicenda
569 4201 746 4268 ridebantur,
775 4202 899 4273 quamvis
948 4201 1033 4272 repit,
1048 4215 1063 4255 a
1079 4209 1152 4256 terra
1171 4215 1225 4256 non
1247 4201 1372 4274 erigitur,
1394 4203 1441 4260 sed
1462 4218 1511 4275 per
1532 4213 1634 4259 terram
1656 4202 1741 4257 trahi·

107 4291 212 4346 marsim
236 4292 407 4363 breviterque
430 4301 586 4349 sanctorum
614 4292 723 4349 Patrem
749 4293 898 4350 sententias
948 4302 1011 4360 tur;
1038 4308 1119 4350 omna
1138 4305 1221 4360 vero,
1247 4294 1319 4364 quod
1339 4294 1471 4367 graditur,
1495 4295 1652 4366 priusquam
1674 4307 1738 4364 gra·

107 4396 226 4453 sequens
240 4384 372 4454 tetigeris,
389 4382 461 4440 hunc
475 4382 562 4440 solum
584 4383 673 4441 meum
688 4384 798 4440 omnino
810 4384 899 4440 intae-
948 4382 1049 4449 diator,
1063 4383 1097 4438 de
1111 4391 1184 4438 terra
1197 4382 1321 4456 erigitur.
1348 4383 1421 4452 Ergo
1444 4399 1523 4454 asper
1544 4392 1633 4452 pactas
1661 4392 1735 4436 tuam

108 4481 166 4528 tum
182 4488 214 4529 ac
227 4474 382 4529 transitorie
393 4475 613 4545 praetermissum
627 4474 896 4533 silentioreneraba·
947 4473 1093 4544 gradieris,
1118 4473 1170 4528 hoc
1187 4481 1245 4540 est,
1265 4487 1348 4543 super
1364 4473 1492 4528 astutiam
1510 4480 1540 4527 et
1562 4471 1735 4527 calliditatem

108 4561 150 4617 ris
169 4562 191 4616 '.
206 4562 245 4618 hc
255 4578 304 4633 per
317 4564 370 4620 hoc
384 4579 438 4620 uon
451 4566 563 4622 omnino
576 4575 683 4636 oportet
696 4576 722 4622 tc
740 4565 805 4623 talia
820 4582 897 4639 prac-
910 4558 934 4619 D
948 4572 1037 4629 mam,
1066 4578 1137 4633 quae
1162 4562 1235 4618 inani
1262 4561 1393 4633 sapientia
1414 4561 1571 4633 carnalique
1597 4561 1737 4631 prudentia

108 4652 253 4720 terrolam,
267 4655 316 4710 sed
330 4655 450 4726 planeet
464 4657 654 4728 compendiose
669 4673 838 4729 percurrere.
949 4656 1100 4726 composita
1120 4663 1179 4722 est,
1204 4670 1257 4727 qua
1279 4656 1417 4711 homiuem
1441 4656 1581 4726 deceptum
1604 4653 1737 4720 lelellisti,

140 4742 187 4800 ud.
202 4743 273 4802 tna
289 4745 437 4803 Audiamus
450 4762 515 4819 ergo
528 4748 635 4810 divinas
658 4750 848 4823 indignationis
866 4751 893 4806 ln
948 4746 1031 4817 inque
1057 4756 1131 4803 tuam
1153 4754 1315 4819 potestatem
1341 4745 1485 4818 redegisti,
1511 4754 1739 4817 peccatorumque

106 4834 252 4891 colubrum
266 4848 388 4890 examen.
411 4834 496 4907 Super
514 4847 604 4906 pectus
623 4847 708 4905 taum,
725 4839 902 4910 inquit,qro··
948 4839 1077 4897 ionieulis
1099 4840 1227 4913 alligasti,
1243 4849 1424 4911 aeternaeque
1448 4840 1544 4897 mortis
1560 4839 1689 4913 uoragine
1716 4840 1739 4872 ¹⁸

106 4925 198 4990 diesis,
218 4931 244 4979 et
262 4933 359 4979 terrosa
371 4926 385 4960 ⁸
396 4928 514 4983 comedes
529 4927 630 4983 cunctis
643 4929 734 4984 dicias
746 4931 813 4985 sitm
821 4940 894 4988 tuoe.
949 4931 1079 5000 mersisti,
1093 4932 1120 4987 iu
1132 4931 1286 5002 superbiam
1298 4931 1421 5004 erigeris,
1435 4940 1464 4988 et
1474 4932 1510 4989 ad
1522 4933 1688 4989 incrementa
1698 4932 1739 4987 ri-

107 5013 268 5083 Serpeutem
279 5015 308 5070 in
321 5016 445 5074 hocloco
468 5019 495 5072 iu
518 5017 603 5089 ligura
617 5027 645 5075 et
658 5019 807 5077 diabolicae
820 5032 895 5077 astu·
947 5026 1064 5094 tiorum,
1089 5027 1171 5098 inque
1186 5036 1250 5083 tuae
1270 5027 1453 5083 damnationis
1466 5026 1620 5094 cumulum,
1638 5027 1664 5082 iu
1678 5041 1739 5082 cor·

109 5105 174 5172 lluts
189 5111 217 5160 0²
228 5106 345 5163 cumulis
355 5109 553 5175 delectationis,
566 5120 595 5164 et
609 5110 750 5166 ambarum
771 5112 839 5168 inse
857 5113 896 5168 in·
949 5116 1028 5173 dibus
1047 5115 1199 5172 inssdciium
1216 5126 1279 5173 tuae
1296 5116 1418 5174 malitiae
1432 5116 1598 5189 profectibus
1610 5116 1696 5172 elatus
1709 5120 1738 5169 et

107 5194 196 5250 tieem
218 5195 361 5255 indiscrete
380 5206 409 5254 et
430 5199 647 5269 inseparahiliter
668 5201 851 5273 amplexarum
871 5203 894 5270 ⁰,
947 5211 1103 5267 cenodoxus
1123 5209 1321 5267 deambulabis.
1346 5209 1381 5264 tn
1408 5220 1507 5266 terram
1527 5210 1660 5275 commas,
1686 5207 1738 5262 hoc

107 5285 225 5342 divinam
248 5287 418 5358 Scripturam
439 5291 562 5363 mouisse
580 5291 708 5348 diximus.
733 5294 807 5351 lisso.
833 5294 896 5351 Pul·
947 5308 1005 5366 εει,
1029 5310 1138 5356 terreum
1162 5302 1349 5372 appetentium
1376 5302 1492 5358 terrenis
1512 5298 1735 5372 cogitationibus,

108 5375 182 5444 chre,
197 5385 227 5434 et
239 5378 399 5451 luculenter,
411 5388 441 5438 et
451 5396 468 5439 a
479 5383 593 5440 reritme
607 5399 661 5441 uon
674 5384 803 5444 alienum.
821 5387 893 5444 llas.
948 5392 1157 5463 caritatibusque
1178 5392 1339 5460 desideriis,
1358 5391 1561 5462 martilerisque
1585 5389 1735 5447 actionibus

750 5497 879 5557 usletan
897 5502 1096 5561 mentones

141 5586 412 5643 ¹tlscsccotenutmn.
449 5587 637 5659 ‘hpcrlutoa
675 5588 835 5648 'stibium
853 5590 887 5646 h.
925 5589 997 5649 ‘Fe
1033 5594 1261 5661 iuncturi,seda.
1276 5611 1313 5654 m.
1327 5611 1400 5654 corr.
1416 5593 1614 5667 explanaturis:
1632 5594 1734 5650 diiss-

106 5654 253 5726 plunatem.
290 5656 599 5724 'SicCF3hcuobis
637 5657 777 5728 ·stccs;
796 5662 933 5718 deorum.
971 5665 981 5696 '
1023 5664 1316 5732 neomeniarum.
1354 5668 1508 5722 ‘hiereos
1547 5666 1618 5722 'Sic'
1637 5665 1735 5732 cm

104 5726 298 5796 perplexorum.
336 5726 359 5765 ¹0
373 5726 395 5782 tt
409 5726 556 5798 fullonius.
571 5739 579 5753 ⁰
595 5729 671 5787 ¹¹Sie
686 5731 728 5787 ct
737 5749 746 5798 ;
759 5733 941 5805 venenosisque
951 5735 1088 5791 haereticis
1105 5752 1160 5792 orn.
1176 5737 1210 5804 d,
1226 5737 1273 5793 sed
1283 5737 1349 5794 Gale
1359 5753 1430 5794 corr.
1443 5740 1625 5803 sescentisque
1640 5737 1736 5793 haere·

107 5796 176 5851 ticis.
217 5796 301 5853 '’Sic
324 5796 384 5879 til';
404 5797 692 5881 A'eoranlesanimas.
732 5803 814 5860 ¹³Sic
831 5802 1090 5871 CF3hNoncnim.
1129 5805 1376 5877 ¹⁸dprsedicstur.
1435 5805 1458 5838 ¹⁸
1475 5805 1522 5865 Sic
1538 5806 1736 5880 Gl'3dinqss

105 5875 233 5923 aeternae
258 5877 355 5925 tnortts
370 5881 533 5940 monogenem.
