4167 6625
62 562 148 621 ¹02!
536 562 580 620 DE
599 561 770 620 utvtstons
787 560 964 619 notente.
985 592 1020 604 -
1037 560 1141 617 uenti
1158 560 1317 630 obtutus
1656 567 1725 624 tote

57 674 248 732 naturaliter
260 688 390 741 occasus,
406 688 438 730 ae
449 672 533 731 veluti
552 653 832 750 ncenprebeoeibilis
851 684 880 734 et
891 680 918 740 ,ιι
930 681 1016 746 putet,
1031 673 1221 746 unanimisque
1244 674 1271 728 in
1289 672 1404 730 caritas
1417 675 1528 745 spiritns
1550 675 1653 747 gratias
1666 680 1725 733 uni-

61 767 285 824 inacccssibiiis
308 735 881 838 tuetstcueffae'r,tsqsieusesssseen
932 762 1030 819 versati
1058 763 1183 822 omniun
1204 762 1338 822 besorum
1369 765 1632 837 consensusque
1657 768 1726 826 uiuit

60 858 157 914 ninus
176 858 406 914 absconduntur:
422 867 450 914 et
473 868 538 914 tnnc
552 873 605 916 nor
619 859 690 915 sient
705 859 764 916 dies
784 859 881 914 illumi·
930 868 1074 923 possumus
1089 851 1188 918 lacere,
1205 853 1345 909 nobiseum
1361 853 1469 919 referat,
1484 857 1557 912 ιιιιιιιι
1579 860 1727 929 repreben-

60 950 208 1017 „2btqur‚
233 951 285 1006 boc
310 959 360 1015 est,
394 951 574 1007 secretissima
604 952 695 1008 attan,
718 963 728 993 s
752 954 884 1025 ΝΜ,
931 943 1015 1012 eineis
1028 943 1140 998 libidine
1162 951 1305 1010 attractus,
1321 942 1401 1000 trullis
1415 942 1519 1002 lacibus
1537 945 1653 1005 invidiae
1665 964 1728 1006 suo

58 1041 174 1097 beatis
187 1048 218 1096 et
232 1009 390 1096 esurientis
415 1041 596 1098 intellectibus
617 1041 881 1128 ianiliqvtodam
931 1035 1070 1101 cerasus¹¹,
1093 1049 1162 1104 quae
1183 1034 1239 1090 sola
1251 1051 1318 1106 prae
1338 1038 1436 1093 ceteris
1456 1038 1531 1093 vitiis
1557 1040 1682 1096 caritatis
1698 1049 1727 1099 et

42 1134 167 1208 Qu
183 1133 350 1203 aperierunt.
365 1131 443 1188 tutte
457 1132 615 1203 perscietqr
625 1125 759 1190 nuenarii
777 1133 881 1190 vvumeri
931 1125 1111 1186 tumbalis
1124 1126 1263 1182 rlrtculuut
1275 1140 1403 1198 runtpera
1415 1126 1530 1184 laborat.
1545 1128 1576 1184 ιιι
1591 1144 1658 1199 paee
1677 1146 1726 1186 au·

58 1220 168 1277 velnti
185 1217 400 1291 superenturalis
415 1219 503 1276 cubi⁸
521 1220 719 1292 perfectissima
744 1221 881 1287 soliditas,
932 1224 990 1273 teta
1002 1217 1135 1283 mutiunt,
1149 1229 1221 1287 quae
1232 1217 1304 1276 ’edet
1314 1211 1498 1281 musicen
1509 1229 1583 1285 turri,
1597 1221 1727 1278 lettevole

49 1288 205 1380 ἷιῗῖὖῖιιε
219 1321 282 1384 typo
296 1318 389 1366 sertus
404 1310 528 1365 titulatur
540 1309 674 1381 psalmus,
690 1309 813 1370 Peninus
827 1310 883 1376 Q·
932 1308 1130 1380 recipientium,
1153 1323 1275 1380 puraqne
1296 1309 1396 1365 mentis
1410 1310 1469 1365 acie
1492 1310 1664 1377 intuentium,
1678 1327 1725 1367 scu

59 1403 119 1459 rid
148 1403 226 1474 pro⁸
252 1412 353 1459 octeno.
380 1401 556 1458 Resurrectio
580 1416 687 1471 quoqne
702 1400 807 1455 Domini
828 1415 881 1455 nou
932 1398 1064 1454 malevole
1089 1398 1282 1470 respuentium,
1307 1407 1336 1453 ct
1361 1398 1518 1469 priusquam
1542 1408 1725 1469 cognoscam,

60 1493 334 1571 Qubeausam
348 1500 443 1547 octava
461 1488 590 1546 dielacta
611 1490 733 1554 esl,nisi
751 1497 782 1544 et
803 1469 882 1544 bema
931 1479 1036 1560 quidet
1050 1487 1727 1562 qratiasint,praejudicantiuvn,bocopnsprirno
1774 1465 1809 1536 ¹*
1930 1551 1933 1560 ,

60 1583 120 1638 itta
149 1585 219 1647 vita,
235 1597 306 1654 qnae
336 1592 397 1653 post
424 1581 607 1651 septenariam
632 1567 811 1648 bttbvsritae
834 1595 883 1651 per
932 1580 1054 1636 omnium
1067 1579 1132 1642 Deo,
1146 1581 1191 1650 qui
1206 1578 1394 1636 ditltti’eltte
1404 1591 1427 1635 et
1438 1581 1636 1649 dubitassetis,
1649 1599 1728 1652 quere·
1771 1623 1775 1642 .
1823 1571 1831 1594 “’
1867 1571 1872 1586 ’

60 1681 188 1744 septem
216 1673 274 1728 dies
298 1670 495 1727 revolutionem
518 1679 561 1725 est
586 1668 676 1724 tritura
703 1675 764 1740 pust
789 1668 882 1723 mundi
933 1674 1181 1739 riteelineenien‘a,
1197 1672 1298 1745 peitate
1319 1683 1343 1728 et
1366 1674 1594 1744 aperietnreoiis,
1613 1676 1728 1733 subinde
1839 1677 1843 1686 '

63 1759 367 1831 urtrsnvuvnationem,
395 1761 511 1836 mystice
534 1759 750 1834 mquidearcmr,
774 1757 883 1832 qnando
933 1759 1438 1828 allectissimatnetnrertectstsn
1451 1741 1737 1830 wlneessE'e't‘tn

66 1857 205 1912 lrntnaua
219 1866 328 1920 tratura,
340 1863 370 1910 ut
380 1855 575 1926 praediximus,
589 1854 616 1909 in
627 1868 705 1909 suurn
719 1849 881 1923 principium
933 1855 1030 1911 studiis
1045 1854 1194 1925 sapientiae
1203 1856 1387 1925 cooperatori,
1401 1865 1429 1913 et
1438 1857 1649 1912 examinandum
1662 1858 1730 1913 oile-

65 1960 129 2017 ρει
155 1945 326 2000 octorvariam
348 1944 536 1998 ascensionem
562 1942 683 1997 reditura
706 1942 756 2006 sll;
785 1942 882 2012 quina·
933 1960 975 2013 ro,
989 1953 1017 2001 et
1031 1946 1221 2019 corrigendum
1241 1947 1392 2002 committo.
1404 1946 1471 2003 Nam
1489 1958 1516 2004 et
1531 1949 1584 2004 tuis
1598 1950 1727 2004 eslvorta-

68 2036 154 2090 riam
177 2035 302 2120 wli-⁰⁴¹⁰,
326 2033 397 2087 lulla
422 2036 536 2087 utilite
562 2032 708 2096 torminum
737 2031 1055 2101 ternariamlttionibus
1080 2045 1123 2094 est
1150 2037 1325 2102 inchoatum,
1354 2046 1453 2108 tuaque
1475 2037 1594 2102 solertia,
1619 2054 1729 2110 quoquo

56 2137 164 2209 Ego,
177 2121 423 2196 supernaturaliter
436 2131 464 2177 et
477 2120 741 2192 superessentialiter
754 2122 824 2176 lutra
839 2122 881 2191 lp·
933 2126 1013 2181 modo
1025 2126 1071 2193 sit,
1085 2126 1119 2181 ad
1141 2125 1223 2182 inem
1240 2141 1326 2197 usque
1348 2126 1519 2197 pendnetem.
1544 2126 1573 2182 si
1590 2135 1682 2186 autern
1696 2129 1729 2185 de

71 2232 143 2271 suin
174 2215 275 2281 llcutn;
300 2213 409 2284 qnando
431 2211 572 2283 statuarius
592 2219 734 2268 creaturae
753 2225 882 2270 nummus
933 2216 986 2281 bis,
1001 2225 1072 2288 errae
1084 2216 1112 2271 in
1126 2224 1255 2273 contestu
1281 2215 1361 2287 btrius
1378 2217 1504 2288 operis¹⁸
1526 2218 1729 2289 qraviutemt·

73 2306 208 2361 tonario
223 2304 364 2361 creatoris
378 2304 553 2370 adornabitur,
568 2303 605 2358 lta
620 2312 649 2359 ut
663 2303 690 2376 in
711 2303 785 2384 stellio
800 2317 882 2375 appa·
933 2308 1018 2363 teriae
1031 2319 1177 2379 rerumque
1186 2310 1410 2379 exponendarum
1425 2309 1502 2381 eopia
1515 2318 1626 2366 coaetus
1650 2321 1728 2381 mets

73 2395 297 2474 reatpislsoius
308 2391 389 2461 bens,
402 2393 629 2466 quemadmodum
651 2395 678 2449 in
693 2395 756 2450 aire
767 2394 881 2465 purissi-
933 2402 1040 2457 termisl
1053 2401 1086 2468 ¹⁸,
1100 2402 1193 2482 dfflue
1216 2404 1257 2458 eis
1278 2401 1547 2475 quantamcunque
1567 2403 1729 2475 mmetoqrto

73 2501 129 2543 uro
146 2486 277 2562 'Mi-⁰¹¹
289 2485 393 2542 arridet
403 2487 414 2519 ⁸
418 2483 476 2563 nisi
491 2486 550 2541 soie
567 2485 624 2540 lux·
933 2494 1067 2550 rationem
1078 2509 1122 2549 me
1135 2494 1303 2550 redditurum
1316 2494 1430 2567 promisi
1443 2496 1475 2561 ¹⁸,
1488 2493 1623 2559 solicitus,
1637 2510 1669 2552 sc
1680 2509 1728 2550 re-

119 2582 169 2638 ll).
188 2579 261 2639 ilaec
279 2583 431 2660 esti-tame
454 2577 535 2651 buius
552 2579 654 2650 operis,
669 2578 742 2649 quod
763 2577 884 2649 quinqua
934 2584 1191 2668 lntiprontissorum
1204 2594 1317 2643 erector
1330 2585 1459 2652 nense,
1472 2599 1556 2656 opere
1570 2565 1728 2651 recurso‘s',

77 2673 166 2733 libris
181 2676 341 2743 includitur,
354 2674 516 2732 universalis
529 2675 654 2730 materia.
669 2667 706 2728 [le
719 2685 772 2744 qua
784 2674 806 2728 si
819 2674 881 2745 quis
933 2676 1113 2746 ominibusque
1124 2678 1146 2716 ¹⁸
1159 2677 1386 2748 promissionibus
1400 2676 1527 2746 repertis,
1549 2676 1631 2747 inque
1645 2689 1730 2730 nuum

81 2781 138 2822 nos
159 2767 294 2823 invenerit
309 2767 420 2823 atibus·
434 2766 601 2838 incognitum
618 2776 665 2820 aut
684 2766 694 2798 v
718 2762 883 2835 superfluunt
934 2768 1056 2825 collectis
1067 2768 1169 2824 etrrsim
1183 2767 1405 2839 capitulatimque
1418 2781 1468 2837 pro
1481 2753 1585 2821 viribus
1602 2763 1730 2821 tractabi-

82 2857 190 2929 aiiqnid
205 2859 361 2929 scripsisse,
376 2866 485 2914 nostrae
499 2856 726 2927 intemperantiae
750 2855 884 2911 iucrvriae·
936 2868 980 2916 tur
993 2861 1024 2912 ¹⁹.
1040 2859 1149 2914 interim
1169 2858 1201 2913 de
1216 2857 1270 2924 bis,
1284 2871 1354 2928 qnae
1372 2853 1429 2925 jam
1451 2855 1573 2910 discussa
1587 2861 1660 2918 suut,
1672 2852 1729 2906 lee-
1854 2907 1861 2916 ,

83 2964 142 3021 que
156 2950 279 3023 inputet,
293 2951 392 3026 pioque
405 2949 487 3028 corne
501 2948 637 3006 tornense
655 2947 882 3018 intelligentur,
936 2949 1041 3010 nres¹⁰
1056 2958 1198 3007 canentes
1211 2963 1273 3004 esse
1297 2946 1399 3020 usqtto,
1418 2961 1470 3001 nen
1493 2944 1546 3000 snei
1567 2942 1694 3017 ingenioli
1705 2941 1727 2977 ¹¹
1742 3011 1762 3024 ..
1804 2929 1843 2992 .·'

84 3044 179 3099 carnis
192 3044 281 3099 adbttc
297 3041 452 3099 trabitaculo
470 3050 615 3113 gravatae,
638 3039 748 3095 humilis
761 3047 883 3095 contem·
934 3043 1073 3107 uirtutem,
1088 3056 1158 3112 qnae
1176 3048 1223 3096 ant
1239 3039 1284 3096 rit
1295 3049 1329 3107 ιι,
1353 3048 1400 3096 ant
1414 3038 1487 3094 trulla
1502 3045 1553 3102 est,
1569 3017 1741 3094 sennensi-²

82 3133 178 3203 plain
193 3133 339 3205 indtrlqeat.
354 3129 398 3189 llil
410 3135 482 3189 enim
496 3132 645 3204 perlectum
660 3141 702 3190 est
717 3132 744 3188 iu
758 3131 885 3188 bamanis
936 3131 1037 3190 tudinis
1049 3145 1125 3190 reete
1136 3130 1160 3161 ¹⁸
1176 3129 1295 3196 intimae,
1313 3128 1427 3186 devotae
1437 3126 1461 3163 ¹⁸
1477 3136 1576 3192 leviten,
1595 3127 1668 3181 eirca
1686 3124 1728 3180 di-

85 3225 187 3283 stndiis
206 3228 305 3294 adbuc,
331 3234 363 3283 ut
384 3228 490 3298 opinor,
516 3227 543 3281 lu
570 3226 621 3282 bac
643 3224 789 3298 caliginosa
817 3225 883 3288 vita,
937 3226 1060 3282 vinorum
1074 3224 1097 3261 ¹⁸
1121 3238 1212 3282 rerum
1236 3221 1456 3294 investigationes
1472 3217 1627 3274 laenitatem
1643 3215 1731 3271 consi-

85 3317 358 3386 quodomnierrorc
370 3317 597 3387 eareat‚quaudo
613 3324 641 3371 et
660 3315 727 3386 iusti
752 3316 885 3395 nunides
937 3319 1083 3384 derantes;
1108 3333 1189 3389 qnam
1218 3331 1271 3372 uon
1304 3316 1394 3370 minut
1420 3310 1525 3367 viribus
1558 3306 1732 3365 acutissimae

81 3407 157 3479 jusu
172 3408 361 3480 atcunnnjsn
375 3409 402 3464 ts
417 3420 501 3463 carna
513 3404 805 3485 viventesquutjunt
818 3390 882 3473 sint
897 3406 921 3472 C
936 3419 998 3467 tuae
1012 3411 1034 3445 ¹·
1051 3408 1255 3481 tistultqenttse,
1282 3421 1363 3478 quan
1391 3418 1469 3461 meae
1493 3399 1731 3473 contessplstteuts

84 3497 138 3553 aad
156 3497 228 3568 quod
243 3495 370 3567 sejustus
389 3512 450 3554 este
472 3496 567 3562 velini,
585 3495 787 3568 perfectamque
803 3494 884 3564 justi-
939 3501 1052 3563 obtusae
1071 3500 1093 3540 ¹⁷
1120 3497 1361 3561 lucubrationibus,
1379 3503 1410 3549 ut
1435 3500 1458 3533 ¹⁸
1482 3507 1535 3548 non
1561 3491 1650 3546 dicant
1670 3505 1731 3545 cnm

90 3587 159 3643 nam
170 3588 287 3644 intorem
302 3597 470 3660 appetentes,
492 3586 551 3643 solo
566 3587 665 3644 menne
686 3585 784 3643 affeetu
801 3586 885 3645 deuo-
939 3592 1064 3655 aemulis,
1083 3590 1180 3647 sallem
1199 3604 1261 3647 cum
1279 3588 1375 3644 amieis
1388 3594 1416 3641 ot
1439 3582 1565 3639 veritatis
1591 3581 1735 3653 inquisito·

91 3679 198 3735 atinati.
223 3677 282 3735 Non
306 3679 381 3736 mim
411 3679 588 3742 crediderim,
615 3677 700 3735 ulium
725 3676 885 3737 mortalibus
938 3680 1175 3739 rbusdelendere
1197 3677 1352 3737 studeas”.
1376 3673 1433 3731 tlee
1447 3672 1561 3729 multum
1577 3671 1603 3726 in
1619 3670 1681 3733 boc,
1702 3677 1732 3723 ut

92 3770 220 3827 membris
230 3770 443 3843 mensibusque
462 3771 588 3828 mosibus
600 3777 757 3842 qravstmn,
771 3778 885 3840 excepto
938 3772 1046 3843 opinor,
1073 3769 1211 3827 laborabis
1239 3768 1272 3823 ¹⁰.
1289 3767 1351 3823 ilos
1370 3766 1443 3821 enim
1455 3772 1485 3818 ut
1506 3762 1570 3817 talia
1587 3761 1613 3816 iu
1636 3775 1732 3815 manue

92 3862 218 3932 Christo,
240 3866 275 3921 ad
299 3864 449 3936 perieulum
471 3864 582 3919 turnis
603 3862 726 3921 habitum
752 3875 886 3931 veraeque
939 3871 1014 3921 reete
1041 3859 1288 3933 philosophantium
1312 3853 1501 3923 pervenerint,
1532 3850 1554 3903 si
1578 3848 1599 3879 ¹¹
1626 3846 1731 3902 illumin

94 3954 328 4026 contemplationis
363 3955 535 4010 altitudinem
572 3952 750 4024 pervenisse,
781 3950 886 4007 domme
939 3950 1167 4024 disputationibus
1179 3947 1353 4011 conveniunt,
1379 3939 1533 4029 consulum
1557 3938 1651 3994 libenti
1671 3938 1733 3994 aui·

96 4047 264 4119 Evangelista
278 4056 444 4104 attestante:
462 4046 493 4102 st
507 4047 662 4111 dixerimus,
677 4043 774 4114 inquit,
795 4043 859 4113 quie
873 4043 894 4107 ·,
939 4057 985 4097 nvo
1004 4041 1152 4110 recipient,
1175 4051 1269 4119 verum
1293 4034 1376 4091 ctiam
1398 4024 1441 4087 ut'
1453 4045 1503 4086 sna
1527 4027 1732 4085 oscvtlabuutnr.

95 4152 226 4212 peccarem
242 4158 293 4196 nort
308 4141 444 4204 bulmere,
460 4155 507 4194 nor
524 4139 594 4208 ipsos
607 4137 766 4199 seducimus,
781 4142 805 4189 et
820 4133 887 4189 neri·
940 4133 988 4191 Sin
1003 4145 1070 4189 vero
1083 4131 1110 4185 in
1123 4144 1180 4194 eos,
1194 4114 1441 4198 quipromptiores
1455 4129 1519 4177 sunl
1532 4118 1567 4175 ad
1587 4119 1735 4189 reprelien-

96 4245 136 4290 ιω
150 4236 176 4289 ln
187 4235 261 4289 nobis
275 4251 327 4289 non
343 4244 390 4288 est.
410 4218 477 4309 item
494 4230 659 4302 Apostolus:
679 4227 802 4282 Videntur
817 4240 886 4280 nunc
940 4225 1155 4293 deudum,quam
1168 4220 1201 4274 ad
1211 4215 1441 4289 compatiendum,
1454 4211 1620 4270 incurrerint
1630 4210 1664 4275 ⁸¹,
1680 4225 1733 4263 nun

97 4326 285 4395 „respersisse
299 4326 328 4379 in
344 4302 508 4395 resipiscite,-
523 4332 551 4378 et
575 4322 657 4381 alibi:
681 4319 725 4375 Ex
747 4327 821 4389 parte
842 4333 888 4375 eo·
940 4330 1104 4388 nvaguopere
1118 4327 1180 4369 oum
1198 4311 1238 4369 eia
1261 4307 1472 4372 tullllfflflffllffl·
1489 4302 1681 4371 Uffldssflffi‘qsse
1706 4300 1733 4352 ³¹¹

97 4415 277 4487 protelasset
291 4415 615 4485 espnrteprepbetentua.
635 4411 683 4467 Sin
700 4418 790 4466 autem
813 4408 839 4462 in
854 4422 886 4463 co
940 4423 990 4463 suo
1003 4420 1084 4461 sensu
1103 4403 1231 4467 abundet,
1250 4399 1335 4456 denec
1357 4397 1447 4454 veniat
1471 4394 1517 4450 ilia
1540 4394 1595 4457 lus,
1617 4403 1687 4463 quae
1700 4389 1734 4443 de

98 4504 162 4560 utile
174 4515 201 4558 et
213 4504 246 4558 ad
260 4503 475 4558 aedilicationeur
495 4502 647 4558 catlroiicac
670 4500 731 4555 lrdei
750 4500 887 4570 pertinens
941 4499 1000 4553 lnce
1015 4495 1084 4552 salso
1107 4488 1355 4564 philosophantium
1371 4487 1437 4543 lacit
1456 4485 1594 4546 tenebras,
1606 4496 1633 4535 ct
1656 4496 1734 4534 verre·

95 4578 230 4656 'amiseris
245 4592 293 4647 soll
308 4593 372 4657 use,
390 4593 435 4663 qui
453 4592 526 4647 solus
540 4589 698 4649 abscondita
714 4589 886 4645 tenebrarum
939 4591 1004 4644 luas
1016 4593 1092 4642 recte
1101 4579 1323 4657 cognoscentium
1339 4577 1362 4610 ⁸⁸
1376 4573 1550 4632 convertitis
1564 4572 1662 4626 ltvcem.
1675 4567 1732 4622 Es·

101 4694 247 4751 frescanet
259 4695 419 4755 qttnereulcs
433 4686 466 4740 nti
478 4701 507 4741 sc
519 4686 605 4756 ipsum
623 4683 695 4739 nulio
706 4697 799 4738 errove
809 4682 887 4736 dece·
941 4677 1013 4748 plieit
1031 4676 1096 4730 liber
1112 4694 1171 4752 urps
1193 4691 1292 4746 preren
1321 4688 1459 4743 pspttlwtn
1482 4667 1530 4721 '¹⁰⁶
1556 4673 1593 4717 θ’(
1618 4662 1650 4716 ‘¹⁶
1678 4660 1734 4715 Na·

101 4788 167 4848 ptos,
180 4778 229 4833 scd
243 4779 264 4810 ¹⁰
285 4778 320 4833 ab
333 4779 473 4834 erroribus
492 4777 649 4832 emendatos
674 4774 830 4837 introducit,
847 4774 893 4828 dc·
904 4780 932 4845 1)
945 4780 1020 4823 turne
1037 4767 1163 4822 diuisione
1175 4763 1209 4818 ⁸⁸.
1482 4750 1581 4779 Α

734 4949 862 5006 lautae
885 4946 1087 5005 tentiones,

139 5109 319 5169 ¹Ftrneires.
358 5105 588 5165 'einnonem
625 5102 756 5175 ⁸icqtt.
796 5103 915 5171 ‘ripen
954 5100 1078 5155 'arridet
1093 5097 1197 5153 onud.
1235 5095 1348 5151 ’ediec
1361 5091 1465 5150 ousb.
1502 5094 1653 5162 'datque
1690 5090 1734 5145 'lt

104 5183 266 5250 indtqerrtine.
301 5179 442 5252 'Aqrtod
483 5176 538 5232 ”F
553 5185 599 5229 nul
619 5174 821 5229 uberioribus.
862 5170 917 5225 ’Ἃ
937 5186 1073 5226 nocensne.
1113 5165 1276 5288 ¹'Wuilotie
1306 5180 1362 5223 otu.
1385 5165 1419 5219 Α.
1456 5162 1577 5234 ''operis
1604 5176 1659 5214 ovo.
1702 5162 1736 5213 d.

111 5252 162 5308 “t
188 5253 270 5305 corneli
294 5250 527 5319 praetermisimus.
567 5247 623 5300 ¹⁸t
645 5262 693 5299 nos
716 5245 863 5299 reddituros
878 5243 1057 5312 promisimus.
1097 5235 1209 5292 “Atei
1221 5236 1276 5290 icili
1290 5236 1363 5290 eritis
1386 5248 1419 5288 ac
1437 5248 1463 5288 v.
1477 5249 1504 5304 p.
1531 5241 1668 5309 sanctores
1677 5229 1736 5297 fne-

107 5324 168 5376 ritis.
207 5321 361 5375 cacano.
395 5318 596 5375 ”domemus
631 5309 1173 5384 ¹lsiproticibusrrottristractabimus.
1208 5305 1329 5360 ’‘Aoos
1347 5312 1552 5361 commutasset.
1584 5301 1641 5353 “A
1661 5314 1735 5368 lupe-

107 5394 150 5446 ail.
188 5391 248 5445 ”A
267 5407 337 5460 quae
363 5391 407 5445 ria
430 5407 522 5459 peren.
561 5387 620 5442 ”A
644 5384 690 5441 sed
711 5393 810 5438 restrae
833 5382 1013 5438 solicitudinis
1042 5386 1165 5448 nleneque
1197 5362 1225 5407 *ι
1247 5374 1268 5428 ι’
1288 5376 1389 5431 demta.
1426 5373 1612 5426 ''divinorrnn
1634 5383 1679 5422 otu
1701 5368 1735 5422 ιι.

107 5464 283 5517 ’·,ιιιιιιιιι.
320 5463 466 5515 *loclesse
487 5457 591 5514 osni.
649 5458 716 5506 'tet
734 5470 789 5509 ortt.
813 5455 847 5507 ιι.
883 5452 904 5483 ¹⁸
924 5450 1069 5507 Αιιιιιιιι,
1125 5446 1185 5501 ”A
1210 5445 1373 5500 laborabitis.
1412 5441 1628 5513 ”d-qnoninm.
1671 5435 1736 5491 ”A

108 5536 245 5588 discurrent.
284 5530 342 5586 ”A
359 5532 485 5587 tenebras
499 5524 749 5598 recoqnoseentium.
788 5525 811 5554 ⁸⁸
827 5523 872 5578 Sic
887 5522 925 5581 A:
942 5521 961 5576 F
978 5518 1240 5591 summaquense.

857 5680 981 5738 NOTAE.

144 5879 186 5921 so
201 5862 309 5932 servitude
323 5826 485 5929 (siciliam
496 5853 596 5909 Petrus
609 5849 726 5913 elisus,
740 5855 807 5904 teste
821 5846 894 5903 Tito
946 5843 1141 5900 mercensem
1162 5839 1340 5921 misem,
1363 5834 1440 5895 inuri
1463 5833 1627 5903 coniecerat.
1646 5833 1688 5891 (ιι.
1703 5832 1737 5891 de

114 5952 153 5994 tut
163 5932 226 5993 uste
237 5969 246 5999 ,
257 5928 412 5988 Woltadum
426 5928 588 5991 lismensem
602 5921 783 5987 canonicum,
798 5918 895 5975 delude
948 5917 1002 5971 dlv.
1017 5913 1078 5969 Nat.
1094 5912 1139 5971 ed.
1153 5909 1251 5969 Oronti
1264 5909 1347 5976 idei,
1360 5906 1482 5978 Append.
1500 5922 1527 5979 p.
1544 5905 1588 5963 8⁰.
