<?xml version="1.0" encoding="UTF-8"?>
<!DOCTYPE html PUBLIC "-//W3C//DTD XHTML 1.0 Transitional//EN"
    "http://www.w3.org/TR/xhtml1/DTD/xhtml1-transitional.dtd">
<html xmlns="http://www.w3.org/1999/xhtml" xml:lang="en" lang="en">
 <head>
  <title>
</title>
<meta http-equiv="Content-Type" content="text/html;charset=utf-8" />
  <meta name='ocr-system' content='tesseract 3.04.00' />
  <meta name='ocr-capabilities' content='ocr_page ocr_carea ocr_par ocr_line ocrx_word'/>
</head>
<body>
  <div class='ocr_page' id='page_1' title='image "./operaquaesupers01flosgoog_0030.png"; bbox 0 0 4167 6625; ppageno 0'>
   <div class='ocr_carea' id='block_1_1' title="bbox 1093 368 1307 427">
    <p class='ocr_par' dir='ltr' id='par_1_1' title="bbox 1093 368 1307 427">
     <span class='ocr_line' id='line_1_1' title="bbox 1093 368 1307 427; baseline 0 -3"><span class='ocrx_word' id='word_1_1' title='bbox 1093 368 1307 427; x_wconf 69' lang='lat' dir='ltr'><strong>balbutimus.</strong></span> 
     </span>
    </p>
   </div>
   <div class='ocr_carea' id='block_1_2' title="bbox 733 487 1449 626">
    <p class='ocr_par' dir='ltr' id='par_1_2' title="bbox 733 487 1449 626">
     <span class='ocr_line' id='line_1_2' title="bbox 734 487 1422 559; baseline -0.006 -15"><span class='ocrx_word' id='word_1_2' title='bbox 734 488 848 544; x_wconf 82' lang='lat' dir='ltr'><strong>Condita</strong></span> <span class='ocrx_word' id='word_1_3' title='bbox 862 502 929 559; x_wconf 84' lang='lat' dir='ltr'><strong>gaza</strong></span> <span class='ocrx_word' id='word_1_4' title='bbox 942 487 1021 557; x_wconf 88' lang='lat' dir='ltr'><strong>polo,</strong></span> <span class='ocrx_word' id='word_1_5' title='bbox 1037 501 1131 542; x_wconf 84' lang='lat' dir='ltr'><strong>saccos</strong></span> <span class='ocrx_word' id='word_1_6' title='bbox 1152 496 1267 544; x_wconf 81' lang='lat' dir='ltr'><strong>vacuate</strong></span> <span class='ocrx_word' id='word_1_7' title='bbox 1280 499 1422 555; x_wconf 83' lang='lat' dir='ltr'><strong>gazarum,</strong></span> 
     </span>
     <span class='ocr_line' id='line_1_3' title="bbox 733 553 1449 626; baseline -0.004 -15"><span class='ocrx_word' id='word_1_8' title='bbox 733 556 801 613; x_wconf 77' lang='lat' dir='ltr'><strong>Aule</strong></span> <span class='ocrx_word' id='word_1_9' title='bbox 816 565 890 613; x_wconf 86' lang='lat' dir='ltr'><strong>tener</strong></span> <span class='ocrx_word' id='word_1_10' title='bbox 901 556 1001 614; x_wconf 80' lang='lat' dir='ltr'><strong>Gbristi</strong></span> <span class='ocrx_word' id='word_1_11' title='bbox 1015 557 1152 613; x_wconf 84' lang='lat' dir='ltr'><strong>Christum</strong></span> <span class='ocrx_word' id='word_1_12' title='bbox 1167 558 1195 611; x_wconf 90' lang='lat' dir='ltr'><strong>in</strong></span> <span class='ocrx_word' id='word_1_13' title='bbox 1206 565 1316 626; x_wconf 88' lang='lat' dir='ltr'><strong>pectore</strong></span> <span class='ocrx_word' id='word_1_14' title='bbox 1327 562 1354 611; x_wconf 91' lang='lat' dir='ltr'><strong>et</strong></span> <span class='ocrx_word' id='word_1_15' title='bbox 1364 553 1449 612; x_wconf 74' lang='lat' dir='ltr'><strong>aule.-</strong></span> 
     </span>
    </p>
   </div>
   <div class='ocr_carea' id='block_1_3' title="bbox 1074 648 1323 722">
    <p class='ocr_par' dir='ltr' id='par_1_3' title="bbox 1074 648 1323 722">
     <span class='ocr_line' id='line_1_4' title="bbox 1074 648 1323 722; baseline 0 -18"><span class='ocrx_word' id='word_1_16' title='bbox 1074 649 1113 705; x_wconf 81' lang='lat' dir='ltr'><strong>De</strong></span> <span class='ocrx_word' id='word_1_17' title='bbox 1132 650 1204 722; x_wconf 81' lang='lat' dir='ltr'><strong>guila</strong></span> <span class='ocrx_word' id='word_1_18' title='bbox 1224 648 1323 720; x_wconf 75' lang='lat' dir='ltr'><strong>pacilo.</strong></span> 
     </span>
    </p>
   </div>
   <div class='ocr_carea' id='block_1_4' title="bbox 733 744 1503 887">
    <p class='ocr_par' dir='ltr' id='par_1_4' title="bbox 733 744 1503 887">
     <span class='ocr_line' id='line_1_5' title="bbox 733 744 1503 817; baseline -0.004 -15"><span class='ocrx_word' id='word_1_19' title='bbox 733 746 786 802; x_wconf 84' lang='lat' dir='ltr'><strong>Das</strong></span> <span class='ocrx_word' id='word_1_20' title='bbox 800 761 959 816; x_wconf 77' lang='lat' dir='ltr'><strong>nunqnam.</strong></span> <span class='ocrx_word' id='word_1_21' title='bbox 974 759 1030 803; x_wconf 81' lang='lat' dir='ltr'><strong>aem</strong></span> <span class='ocrx_word' id='word_1_22' title='bbox 1054 759 1085 802; x_wconf 84' lang='lat' dir='ltr'><strong>er</strong></span> <span class='ocrx_word' id='word_1_23' title='bbox 1096 745 1251 817; x_wconf 78' lang='lat' dir='ltr'><strong>promittis,</strong></span> <span class='ocrx_word' id='word_1_24' title='bbox 1267 744 1362 813; x_wconf 79' lang='lat' dir='ltr'><strong>Galla,</strong></span> <span class='ocrx_word' id='word_1_25' title='bbox 1377 744 1503 816; x_wconf 78' lang='lat' dir='ltr'><strong>raganrl·</strong></span> 
     </span>
     <span class='ocr_line' id='line_1_6' title="bbox 775 760 1367 887; baseline -0.003 -15"><span class='ocrx_word' id='word_1_26' title='bbox 775 816 805 873; x_wconf 80' lang='lat' dir='ltr'><strong>si</strong></span> <span class='ocrx_word' id='word_1_27' title='bbox 818 830 926 887; x_wconf 85' lang='lat' dir='ltr'><strong>semper</strong></span> <span class='ocrx_word' id='word_1_28' title='bbox 936 816 1020 883; x_wconf 81' lang='lat' dir='ltr'><strong>inilia,</strong></span> <span class='ocrx_word' id='word_1_29' title='bbox 1031 760 1087 887; x_wconf 57' lang='lat' dir='ltr'><strong>lam</strong></span> <span class='ocrx_word' id='word_1_30' title='bbox 1100 829 1175 884; x_wconf 84' lang='lat' dir='ltr'><strong>roga,</strong></span> <span class='ocrx_word' id='word_1_31' title='bbox 1189 814 1276 879; x_wconf 87' lang='lat' dir='ltr'><strong>Galia,</strong></span> <span class='ocrx_word' id='word_1_32' title='bbox 1290 830 1367 886; x_wconf 87' lang='lat' dir='ltr'><strong>nega.</strong></span> 
     </span>
    </p>
   </div>
   <div class='ocr_carea' id='block_1_5' title="bbox 1106 908 1284 980">
    <p class='ocr_par' dir='ltr' id='par_1_5' title="bbox 1106 908 1284 980">
     <span class='ocr_line' id='line_1_7' title="bbox 1106 908 1284 980; baseline -0.017 -17"><span class='ocrx_word' id='word_1_33' title='bbox 1106 908 1144 963; x_wconf 85' lang='lat' dir='ltr'><strong>De</strong></span> <span class='ocrx_word' id='word_1_34' title='bbox 1176 909 1284 980; x_wconf 82' lang='lat' dir='ltr'><strong>tirrepso.</strong></span> 
     </span>
    </p>
   </div>
   <div class='ocr_carea' id='block_1_6' title="bbox 734 1006 1455 1162">
    <p class='ocr_par' dir='ltr' id='par_1_6' title="bbox 734 1006 1455 1162">
     <span class='ocr_line' id='line_1_8' title="bbox 734 1006 1455 1078; baseline -0.006 -16"><span class='ocrx_word' id='word_1_35' title='bbox 734 1006 824 1073; x_wconf 80' lang='lat' dir='ltr'><strong>Turpe</strong></span> <span class='ocrx_word' id='word_1_36' title='bbox 834 1021 927 1077; x_wconf 66' lang='lat' dir='ltr'><strong>pecus</strong></span> <span class='ocrx_word' id='word_1_37' title='bbox 942 1006 1049 1074; x_wconf 78' lang='lat' dir='ltr'><strong>inuicte,</strong></span> <span class='ocrx_word' id='word_1_38' title='bbox 1065 1015 1152 1078; x_wconf 86' lang='lat' dir='ltr'><strong>turpe,</strong></span> <span class='ocrx_word' id='word_1_39' title='bbox 1166 1006 1225 1062; x_wconf 86' lang='lat' dir='ltr'><strong>sina</strong></span> <span class='ocrx_word' id='word_1_40' title='bbox 1237 1006 1359 1076; x_wconf 83' lang='lat' dir='ltr'><strong>gramine</strong></span> <span class='ocrx_word' id='word_1_41' title='bbox 1372 1019 1455 1076; x_wconf 73' lang='lat' dir='ltr'><strong>capus</strong></span> 
     </span>
     <span class='ocr_line' id='line_1_9' title="bbox 780 1075 1416 1162; baseline -0.003 -31"><span class='ocrx_word' id='word_1_42' title='bbox 780 1077 814 1131; x_wconf 77' lang='lat' dir='ltr'><strong>iit</strong></span> <span class='ocrx_word' id='word_1_43' title='bbox 826 1077 887 1162; x_wconf 71' lang='lat' dir='ltr'><strong>sine</strong></span> <span class='ocrx_word' id='word_1_44' title='bbox 897 1076 993 1134; x_wconf 80' lang='lat' dir='ltr'><strong>fronde</strong></span> <span class='ocrx_word' id='word_1_45' title='bbox 1006 1077 1109 1145; x_wconf 73' lang='lat' dir='ltr'><strong>truces,</strong></span> <span class='ocrx_word' id='word_1_46' title='bbox 1120 1084 1148 1132; x_wconf 84' lang='lat' dir='ltr'><strong>ct</strong></span> <span class='ocrx_word' id='word_1_47' title='bbox 1162 1075 1221 1132; x_wconf 82' lang='lat' dir='ltr'><strong>rice</strong></span> <span class='ocrx_word' id='word_1_48' title='bbox 1237 1075 1313 1131; x_wconf 82' lang='lat' dir='ltr'><strong>crine</strong></span> <span class='ocrx_word' id='word_1_49' title='bbox 1325 1084 1416 1146; x_wconf 78' lang='lat' dir='ltr'><strong>caput</strong></span> 
     </span>
    </p>
   </div>
   <div class='ocr_carea' id='block_1_7' title="bbox 1108 1169 1285 1225">
    <p class='ocr_par' dir='ltr' id='par_1_7' title="bbox 1108 1169 1285 1225">
     <span class='ocr_line' id='line_1_10' title="bbox 1108 1169 1285 1225; baseline -0.011 0"><span class='ocrx_word' id='word_1_50' title='bbox 1108 1171 1150 1225; x_wconf 81' lang='lat' dir='ltr'><strong>Ad</strong></span> <span class='ocrx_word' id='word_1_51' title='bbox 1176 1169 1285 1225; x_wconf 82' lang='lat' dir='ltr'><strong>ebrium.</strong></span> 
     </span>
    </p>
   </div>
   <div class='ocr_carea' id='block_1_8' title="bbox 732 1263 1493 1615">
    <p class='ocr_par' dir='ltr' id='par_1_8' title="bbox 732 1263 1493 1542">
     <span class='ocr_line' id='line_1_11' title="bbox 736 1263 1432 1335; baseline -0.01 -12"><span class='ocrx_word' id='word_1_52' title='bbox 736 1268 787 1323; x_wconf 83' lang='lat' dir='ltr'><strong>llic</strong></span> <span class='ocrx_word' id='word_1_53' title='bbox 800 1266 877 1333; x_wconf 88' lang='lat' dir='ltr'><strong>mihi,</strong></span> <span class='ocrx_word' id='word_1_54' title='bbox 891 1267 946 1333; x_wconf 91' lang='lat' dir='ltr'><strong>dic,</strong></span> <span class='ocrx_word' id='word_1_55' title='bbox 960 1267 1046 1334; x_wconf 79' lang='lat' dir='ltr'><strong>ebrie,</strong></span> <span class='ocrx_word' id='word_1_56' title='bbox 1056 1266 1126 1322; x_wconf 82' lang='lat' dir='ltr'><strong>vivis</strong></span> <span class='ocrx_word' id='word_1_57' title='bbox 1141 1280 1175 1321; x_wconf 89' lang='lat' dir='ltr'><strong>aa</strong></span> <span class='ocrx_word' id='word_1_58' title='bbox 1188 1275 1277 1320; x_wconf 85' lang='lat' dir='ltr'><strong>morte</strong></span> <span class='ocrx_word' id='word_1_59' title='bbox 1288 1263 1432 1335; x_wconf 75' lang='lat' dir='ltr'><strong>gravaris?</strong></span> 
     </span>
     <span class='ocr_line' id='line_1_12' title="bbox 734 1334 1438 1407; baseline -0.003 -15"><span class='ocrx_word' id='word_1_60' title='bbox 734 1338 856 1394; x_wconf 72' lang='lat' dir='ltr'><strong>Pallidus</strong></span> <span class='ocrx_word' id='word_1_61' title='bbox 869 1352 933 1393; x_wconf 84' lang='lat' dir='ltr'><strong>ecce</strong></span> <span class='ocrx_word' id='word_1_62' title='bbox 945 1336 1033 1407; x_wconf 85' lang='lat' dir='ltr'><strong>jaces,</strong></span> <span class='ocrx_word' id='word_1_63' title='bbox 1047 1350 1112 1392; x_wconf 80' lang='lat' dir='ltr'><strong>ccco</strong></span> <span class='ocrx_word' id='word_1_64' title='bbox 1125 1336 1185 1390; x_wconf 87' lang='lat' dir='ltr'><strong>sine</strong></span> <span class='ocrx_word' id='word_1_65' title='bbox 1197 1342 1289 1390; x_wconf 85' lang='lat' dir='ltr'><strong>mente</strong></span> <span class='ocrx_word' id='word_1_66' title='bbox 1300 1334 1438 1403; x_wconf 55' lang='lat' dir='ltr'><strong>quinum</strong></span> 
     </span>
     <span class='ocr_line' id='line_1_13' title="bbox 732 1401 1493 1470; baseline -0.011 -7"><span class='ocrx_word' id='word_1_67' title='bbox 732 1407 793 1463; x_wconf 84' lang='lat' dir='ltr'><strong>Non</strong></span> <span class='ocrx_word' id='word_1_68' title='bbox 807 1406 888 1470; x_wconf 86' lang='lat' dir='ltr'><strong>bona,</strong></span> <span class='ocrx_word' id='word_1_69' title='bbox 905 1421 959 1462; x_wconf 88' lang='lat' dir='ltr'><strong>nun</strong></span> <span class='ocrx_word' id='word_1_70' title='bbox 973 1409 1055 1470; x_wconf 85' lang='lat' dir='ltr'><strong>mala,</strong></span> <span class='ocrx_word' id='word_1_71' title='bbox 1070 1420 1123 1461; x_wconf 79' lang='lat' dir='ltr'><strong>nori</strong></span> <span class='ocrx_word' id='word_1_72' title='bbox 1138 1403 1216 1469; x_wconf 89' lang='lat' dir='ltr'><strong>dura,</strong></span> <span class='ocrx_word' id='word_1_73' title='bbox 1230 1419 1284 1459; x_wconf 90' lang='lat' dir='ltr'><strong>nou</strong></span> <span class='ocrx_word' id='word_1_74' title='bbox 1298 1401 1493 1460; x_wconf 75' lang='lat' dir='ltr'><strong>malliacensis.</strong></span> 
     </span>
     <span class='ocr_line' id='line_1_14' title="bbox 732 1471 1315 1542; baseline -0.009 -10"><span class='ocrx_word' id='word_1_75' title='bbox 732 1477 790 1532; x_wconf 90' lang='lat' dir='ltr'><strong>iloc</strong></span> <span class='ocrx_word' id='word_1_76' title='bbox 804 1485 908 1531; x_wconf 77' lang='lat' dir='ltr'><strong>mutum</strong></span> <span class='ocrx_word' id='word_1_77' title='bbox 923 1477 1008 1530; x_wconf 82' lang='lat' dir='ltr'><strong>distas</strong></span> <span class='ocrx_word' id='word_1_78' title='bbox 1022 1490 1038 1531; x_wconf 87' lang='lat' dir='ltr'><strong>a</strong></span> <span class='ocrx_word' id='word_1_79' title='bbox 1050 1474 1097 1529; x_wconf 82' lang='lat' dir='ltr'><strong>isti</strong></span> <span class='ocrx_word' id='word_1_80' title='bbox 1111 1483 1185 1530; x_wconf 87' lang='lat' dir='ltr'><strong>sorte</strong></span> <span class='ocrx_word' id='word_1_81' title='bbox 1198 1471 1315 1542; x_wconf 83' lang='lat' dir='ltr'><strong>sepulti,</strong></span> 
     </span>
    </p>

    <p class='ocr_par' dir='ltr' id='par_1_9' title="bbox 734 1542 1451 1615">
     <span class='ocr_line' id='line_1_15' title="bbox 734 1542 1451 1615; baseline -0.004 -14"><span class='ocrx_word' id='word_1_82' title='bbox 734 1546 812 1615; x_wconf 81' lang='lat' dir='ltr'><strong>Quod</strong></span> <span class='ocrx_word' id='word_1_83' title='bbox 827 1546 916 1603; x_wconf 82' lang='lat' dir='ltr'><strong>tenuis</strong></span> <span class='ocrx_word' id='word_1_84' title='bbox 928 1544 1044 1601; x_wconf 75' lang='lat' dir='ltr'><strong>miseros</strong></span> <span class='ocrx_word' id='word_1_85' title='bbox 1057 1542 1203 1615; x_wconf 75' lang='lat' dir='ltr'><strong>subpungit</strong></span> <span class='ocrx_word' id='word_1_86' title='bbox 1220 1542 1354 1598; x_wconf 67' lang='lat' dir='ltr'><strong>archeitus</strong></span> <span class='ocrx_word' id='word_1_87' title='bbox 1366 1549 1451 1598; x_wconf 75' lang='lat' dir='ltr'><strong>artus</strong></span> 
     </span>
    </p>
   </div>
   <div class='ocr_carea' id='block_1_9' title="bbox 1134 1637 1262 1693">
    <p class='ocr_par' dir='ltr' id='par_1_10' title="bbox 1134 1637 1262 1693">
     <span class='ocr_line' id='line_1_16' title="bbox 1134 1637 1262 1693; baseline -0.023 0"><span class='ocrx_word' id='word_1_88' title='bbox 1134 1637 1173 1693; x_wconf 83' lang='lat' dir='ltr'><strong>be</strong></span> <span class='ocrx_word' id='word_1_89' title='bbox 1194 1637 1262 1692; x_wconf 81' lang='lat' dir='ltr'><strong>uiuo.</strong></span> 
     </span>
    </p>
   </div>
   <div class='ocr_carea' id='block_1_10' title="bbox 732 1731 1443 1872">
    <p class='ocr_par' dir='ltr' id='par_1_11' title="bbox 732 1731 1443 1872">
     <span class='ocr_line' id='line_1_17' title="bbox 732 1731 1440 1806; baseline -0.004 -16"><span class='ocrx_word' id='word_1_90' title='bbox 732 1735 846 1806; x_wconf 72' lang='lat' dir='ltr'><strong>liugane</strong></span> <span class='ocrx_word' id='word_1_91' title='bbox 862 1741 902 1798; x_wconf 84' lang='lat' dir='ltr'><strong>tu,</strong></span> <span class='ocrx_word' id='word_1_92' title='bbox 919 1732 1035 1801; x_wconf 81' lang='lat' dir='ltr'><strong>Bracba,</strong></span> <span class='ocrx_word' id='word_1_93' title='bbox 1050 1746 1146 1804; x_wconf 78' lang='lat' dir='ltr'><strong>magua</strong></span> <span class='ocrx_word' id='word_1_94' title='bbox 1160 1732 1306 1796; x_wconf 71' lang='lat' dir='ltr'><strong>tuarirtus</strong></span> <span class='ocrx_word' id='word_1_95' title='bbox 1321 1731 1440 1802; x_wconf 74' lang='lat' dir='ltr'><strong>uiriqrre,</strong></span> 
     </span>
     <span class='ocr_line' id='line_1_18' title="bbox 735 1800 1443 1872; baseline -0.01 -12"><span class='ocrx_word' id='word_1_96' title='bbox 735 1804 837 1861; x_wconf 82' lang='lat' dir='ltr'><strong>Gnrrtra</strong></span> <span class='ocrx_word' id='word_1_97' title='bbox 851 1813 878 1858; x_wconf 86' lang='lat' dir='ltr'><strong>te</strong></span> <span class='ocrx_word' id='word_1_98' title='bbox 890 1811 1027 1859; x_wconf 84' lang='lat' dir='ltr'><strong>certantes</strong></span> <span class='ocrx_word' id='word_1_99' title='bbox 1042 1812 1071 1857; x_wconf 90' lang='lat' dir='ltr'><strong>tu</strong></span> <span class='ocrx_word' id='word_1_100' title='bbox 1085 1815 1191 1872; x_wconf 80' lang='lat' dir='ltr'>semper</span> <span class='ocrx_word' id='word_1_101' title='bbox 1205 1801 1324 1871; x_wconf 84' lang='lat' dir='ltr'><strong>palmam</strong></span> <span class='ocrx_word' id='word_1_102' title='bbox 1338 1800 1443 1857; x_wconf 82' lang='lat' dir='ltr'><strong>levasti.</strong></span> 
     </span>
    </p>
   </div>
   <div class='ocr_carea' id='block_1_11' title="bbox 305 1921 2028 2850">
    <p class='ocr_par' dir='ltr' id='par_1_12' title="bbox 379 1921 2028 2252">
     <span class='ocr_line' id='line_1_19' title="bbox 420 1921 2028 2006; baseline -0.005 -7"><span class='ocrx_word' id='word_1_103' title='bbox 420 1935 554 1999; x_wconf 85' lang='lat' dir='ltr'><strong>ioannis</strong></span> <span class='ocrx_word' id='word_1_104' title='bbox 570 1932 656 1998; x_wconf 90' lang='lat' dir='ltr'><strong>Scoti</strong></span> <span class='ocrx_word' id='word_1_105' title='bbox 676 1948 785 1993; x_wconf 75' lang='lat' dir='ltr'><strong>ueram</strong></span> <span class='ocrx_word' id='word_1_106' title='bbox 800 1928 836 1989; x_wconf 85' lang='lat' dir='ltr'><strong>dc</strong></span> <span class='ocrx_word' id='word_1_107' title='bbox 850 1927 883 1990; x_wconf 84' lang='lat' dir='ltr'><strong>S.</strong></span> <span class='ocrx_word' id='word_1_108' title='bbox 900 1926 1042 1989; x_wconf 80' lang='lat' dir='ltr'><strong>Monimo</strong></span> <span class='ocrx_word' id='word_1_109' title='bbox 1068 1943 1086 1989; x_wconf 90' lang='lat' dir='ltr'><strong>e</strong></span> <span class='ocrx_word' id='word_1_110' title='bbox 1106 1923 1218 1988; x_wconf 85' lang='lat' dir='ltr'><strong>codice</strong></span> <span class='ocrx_word' id='word_1_111' title='bbox 1241 1922 1477 2006; x_wconf 86' lang='lat' dir='ltr'><strong>armamentarii</strong></span> <span class='ocrx_word' id='word_1_112' title='bbox 1500 1921 1584 1986; x_wconf 87' lang='lat' dir='ltr'><strong>eruit</strong></span> <span class='ocrx_word' id='word_1_113' title='bbox 1606 1922 1650 1986; x_wconf 84' lang='lat' dir='ltr'><strong>bi.</strong></span> <span class='ocrx_word' id='word_1_114' title='bbox 1666 1923 1702 1987; x_wconf 77' lang='lat' dir='ltr'><strong>F.</strong></span> <span class='ocrx_word' id='word_1_115' title='bbox 1718 1924 1925 1991; x_wconf 79' lang='lat' dir='ltr'><strong>aaraisson.</strong></span> <span class='ocrx_word' id='word_1_116' title='bbox 1942 1925 2028 2002; x_wconf 81' lang='lat' dir='ltr'><strong>Quos</strong></span> 
     </span>
     <span class='ocr_line' id='line_1_20' title="bbox 379 2041 2024 2142; baseline -0.007 -24"><span class='ocrx_word' id='word_1_117' title='bbox 379 2057 414 2120; x_wconf 92' lang='lat' dir='ltr'><strong>in</strong></span> <span class='ocrx_word' id='word_1_118' title='bbox 430 2057 525 2142; x_wconf 82' lang='lat' dir='ltr'><strong>libro,</strong></span> <span class='ocrx_word' id='word_1_119' title='bbox 545 2055 598 2119; x_wconf 90' lang='lat' dir='ltr'><strong>cui</strong></span> <span class='ocrx_word' id='word_1_120' title='bbox 619 2052 755 2118; x_wconf 89' lang='lat' dir='ltr'><strong>titulus:</strong></span> <span class='ocrx_word' id='word_1_121' title='bbox 772 2050 934 2128; x_wconf 82' lang='lat' dir='ltr'><strong>llopportr</strong></span> <span class='ocrx_word' id='word_1_122' title='bbox 952 2053 1013 2110; x_wconf 86' lang='lat' dir='ltr'><strong>cet.</strong></span> <span class='ocrx_word' id='word_1_123' title='bbox 1031 2064 1063 2126; x_wconf 86' lang='lat' dir='ltr'><strong>p.</strong></span> <span class='ocrx_word' id='word_1_124' title='bbox 1078 2046 1225 2117; x_wconf 69' lang='lat' dir='ltr'><strong>ssa-358,</strong></span> <span class='ocrx_word' id='word_1_125' title='bbox 1242 2044 1346 2107; x_wconf 87' lang='lat' dir='ltr'><strong>editos</strong></span> <span class='ocrx_word' id='word_1_126' title='bbox 1364 2062 1452 2109; x_wconf 90' lang='lat' dir='ltr'><strong>nuuc</strong></span> <span class='ocrx_word' id='word_1_127' title='bbox 1466 2044 1677 2108; x_wconf 85' lang='lat' dir='ltr'><strong>reddidimus.</strong></span> <span class='ocrx_word' id='word_1_128' title='bbox 1694 2041 1807 2108; x_wconf 81' lang='lat' dir='ltr'><strong>Codex</strong></span> <span class='ocrx_word' id='word_1_129' title='bbox 1834 2045 1952 2127; x_wconf 88' lang='lat' dir='ltr'><strong>qualis</strong></span> <span class='ocrx_word' id='word_1_130' title='bbox 1974 2045 2024 2118; x_wconf 83' lang='lat' dir='ltr'><strong>sit,</strong></span> 
     </span>
     <span class='ocr_line' id='line_1_21' title="bbox 380 2169 748 2252; baseline -0.019 -15"><span class='ocrx_word' id='word_1_131' title='bbox 380 2174 486 2237; x_wconf 87' lang='lat' dir='ltr'><strong>editor</strong></span> <span class='ocrx_word' id='word_1_132' title='bbox 500 2189 568 2236; x_wconf 91' lang='lat' dir='ltr'><strong>non</strong></span> <span class='ocrx_word' id='word_1_133' title='bbox 582 2169 748 2252; x_wconf 81' lang='lat' dir='ltr'><strong>indicavit.</strong></span> 
     </span>
    </p>

    <p class='ocr_par' dir='ltr' id='par_1_13' title="bbox 305 2285 2024 2850">
     <span class='ocr_line' id='line_1_22' title="bbox 419 2285 2024 2368; baseline -0.005 -11"><span class='ocrx_word' id='word_1_134' title='bbox 419 2291 680 2365; x_wconf 81' lang='lat' dir='ltr'><strong>Versusioannis</strong></span> <span class='ocrx_word' id='word_1_135' title='bbox 692 2287 779 2354; x_wconf 89' lang='lat' dir='ltr'><strong>Scoti</strong></span> <span class='ocrx_word' id='word_1_136' title='bbox 790 2297 915 2352; x_wconf 81' lang='lat' dir='ltr'><strong>exstare</strong></span> <span class='ocrx_word' id='word_1_137' title='bbox 931 2288 966 2350; x_wconf 79' lang='lat' dir='ltr'><strong>in</strong></span> <span class='ocrx_word' id='word_1_138' title='bbox 980 2287 1052 2350; x_wconf 86' lang='lat' dir='ltr'><strong>cod.</strong></span> <span class='ocrx_word' id='word_1_139' title='bbox 1063 2285 1330 2350; x_wconf 79' lang='lat' dir='ltr'><strong>ms.Beaedictino</strong></span> <span class='ocrx_word' id='word_1_140' title='bbox 1341 2286 1428 2368; x_wconf 83' lang='lat' dir='ltr'><strong>opud</strong></span> <span class='ocrx_word' id='word_1_141' title='bbox 1436 2286 1716 2365; x_wconf 75' lang='lat' dir='ltr'><strong>Caetobrigiorses,</strong></span> <span class='ocrx_word' id='word_1_142' title='bbox 1726 2292 1875 2354; x_wconf 90' lang='lat' dir='ltr'><strong>testatur</strong></span> <span class='ocrx_word' id='word_1_143' title='bbox 1886 2287 2024 2352; x_wconf 83' lang='lat' dir='ltr'><strong>Thomas</strong></span> 
     </span>
     <span class='ocr_line' id='line_1_23' title="bbox 376 2405 2024 2490; baseline -0.005 -12"><span class='ocrx_word' id='word_1_144' title='bbox 376 2414 455 2479; x_wconf 89' lang='lat' dir='ltr'><strong>Gale</strong></span> <span class='ocrx_word' id='word_1_145' title='bbox 480 2414 514 2474; x_wconf 93' lang='lat' dir='ltr'><strong>in</strong></span> <span class='ocrx_word' id='word_1_146' title='bbox 542 2409 737 2490; x_wconf 68' lang='lat' dir='ltr'><strong>praefatione</strong></span> <span class='ocrx_word' id='word_1_147' title='bbox 762 2405 804 2468; x_wconf 88' lang='lat' dir='ltr'><strong>nd</strong></span> <span class='ocrx_word' id='word_1_148' title='bbox 821 2406 974 2469; x_wconf 62' lang='lat' dir='ltr'><strong>libranda</strong></span> <span class='ocrx_word' id='word_1_149' title='bbox 991 2407 1147 2470; x_wconf 80' lang='lat' dir='ltr'><strong>diuisione</strong></span> <span class='ocrx_word' id='word_1_150' title='bbox 1162 2407 1313 2473; x_wconf 83' lang='lat' dir='ltr'><strong>Naturae.</strong></span> <span class='ocrx_word' id='word_1_151' title='bbox 1332 2410 1397 2473; x_wconf 89' lang='lat' dir='ltr'><strong>Nec</strong></span> <span class='ocrx_word' id='word_1_152' title='bbox 1418 2408 1553 2473; x_wconf 91' lang='lat' dir='ltr'><strong>dubium</strong></span> <span class='ocrx_word' id='word_1_153' title='bbox 1579 2414 1639 2484; x_wconf 86' lang='lat' dir='ltr'><strong>est,</strong></span> <span class='ocrx_word' id='word_1_154' title='bbox 1660 2408 1741 2490; x_wconf 89' lang='lat' dir='ltr'><strong>quin</strong></span> <span class='ocrx_word' id='word_1_155' title='bbox 1766 2410 1796 2472; x_wconf 92' lang='lat' dir='ltr'><strong>is</strong></span> <span class='ocrx_word' id='word_1_156' title='bbox 1823 2408 2024 2475; x_wconf 73' lang='lat' dir='ltr'>intellexerit</span> 
     </span>
     <span class='ocr_line' id='line_1_24' title="bbox 379 2521 2021 2616; baseline 0 -26"><span class='ocrx_word' id='word_1_157' title='bbox 379 2527 511 2590; x_wconf 87' lang='lat' dir='ltr'><strong>eusdem</strong></span> <span class='ocrx_word' id='word_1_158' title='bbox 534 2540 669 2595; x_wconf 86' lang='lat' dir='ltr'><strong>versus,</strong></span> <span class='ocrx_word' id='word_1_159' title='bbox 696 2538 779 2601; x_wconf 88' lang='lat' dir='ltr'><strong>quos</strong></span> <span class='ocrx_word' id='word_1_160' title='bbox 796 2521 909 2586; x_wconf 86' lang='lat' dir='ltr'><strong>beatus</strong></span> <span class='ocrx_word' id='word_1_161' title='bbox 936 2524 980 2616; x_wconf 44' lang='grc' dir='ltr'><strong>θ’.</strong></span> <span class='ocrx_word' id='word_1_162' title='bbox 998 2522 1119 2586; x_wconf 87' lang='lat' dir='ltr'><strong>Oebier</strong></span> <span class='ocrx_word' id='word_1_163' title='bbox 1143 2530 1218 2588; x_wconf 88' lang='lat' dir='ltr'><strong>ante</strong></span> <span class='ocrx_word' id='word_1_164' title='bbox 1247 2525 1308 2610; x_wconf 84' lang='lat' dir='ltr'><strong>hos</strong></span> <span class='ocrx_word' id='word_1_165' title='bbox 1335 2527 1404 2591; x_wconf 83' lang='lat' dir='ltr'><strong>iere</strong></span> <span class='ocrx_word' id='word_1_166' title='bbox 1430 2527 1542 2591; x_wconf 90' lang='lat' dir='ltr'><strong>decem</strong></span> <span class='ocrx_word' id='word_1_167' title='bbox 1570 2543 1672 2594; x_wconf 87' lang='lat' dir='ltr'><strong>annos</strong></span> <span class='ocrx_word' id='word_1_168' title='bbox 1699 2530 1880 2613; x_wconf 75' lang='lat' dir='ltr'><strong>descripsit</strong></span> <span class='ocrx_word' id='word_1_169' title='bbox 1908 2550 1928 2597; x_wconf 87' lang='lat' dir='ltr'><strong>e</strong></span> <span class='ocrx_word' id='word_1_170' title='bbox 1955 2531 2021 2596; x_wconf 82' lang='lat' dir='ltr'><strong>cod.</strong></span> 
     </span>
     <span class='ocr_line' id='line_1_25' title="bbox 305 2638 2021 2727; baseline 0.002 -17"><span class='ocrx_word' id='word_1_171' title='bbox 305 2673 310 2682; x_wconf 95' lang='lat'>·</span> <span class='ocrx_word' id='word_1_172' title='bbox 380 2643 565 2722; x_wconf 87' lang='lat' dir='ltr'><strong>Cantabnig.</strong></span> <span class='ocrx_word' id='word_1_173' title='bbox 591 2638 719 2719; x_wconf 88' lang='lat' dir='ltr'><strong>collegii</strong></span> <span class='ocrx_word' id='word_1_174' title='bbox 743 2639 839 2720; x_wconf 84' lang='lat' dir='ltr'><strong>Corp.</strong></span> <span class='ocrx_word' id='word_1_175' title='bbox 855 2640 973 2705; x_wconf 79' lang='lat' dir='ltr'><strong>Christi</strong></span> <span class='ocrx_word' id='word_1_176' title='bbox 997 2642 1035 2703; x_wconf 79' lang='lat' dir='ltr'><strong>N⁰</strong></span> <span class='ocrx_word' id='word_1_177' title='bbox 1049 2643 1109 2704; x_wconf 72' lang='lat'><strong>223</strong></span> <span class='ocrx_word' id='word_1_178' title='bbox 1125 2643 1228 2707; x_wconf 86' lang='lat' dir='ltr'><strong>saculi</strong></span> <span class='ocrx_word' id='word_1_179' title='bbox 1246 2646 1304 2709; x_wconf 86' lang='lat' dir='ltr'><strong>tx.</strong></span> <span class='ocrx_word' id='word_1_180' title='bbox 1324 2645 1424 2726; x_wconf 85' lang='lat' dir='ltr'><strong>Cujus</strong></span> <span class='ocrx_word' id='word_1_181' title='bbox 1440 2646 1579 2727; x_wconf 88' lang='lat' dir='ltr'><strong>copiam,</strong></span> <span class='ocrx_word' id='word_1_182' title='bbox 1603 2648 1663 2711; x_wconf 86' lang='lat' dir='ltr'><strong>etsi</strong></span> <span class='ocrx_word' id='word_1_183' title='bbox 1685 2647 1820 2714; x_wconf 83' lang='lat' dir='ltr'><strong>fratrem</strong></span> <span class='ocrx_word' id='word_1_184' title='bbox 1849 2651 2021 2717; x_wconf 81' lang='lat' dir='ltr'><strong>haeredem</strong></span> 
     </span>
     <span class='ocr_line' id='line_1_26' title="bbox 384 2739 2021 2850; baseline 0.002 -23"><span class='ocrx_word' id='word_1_185' title='bbox 384 2739 559 2829; x_wconf 75' lang='lat' dir='ltr'><strong>identidem</strong></span> <span class='ocrx_word' id='word_1_186' title='bbox 575 2776 750 2840; x_wconf 76' lang='lat' dir='ltr'><strong>rogassem,</strong></span> <span class='ocrx_word' id='word_1_187' title='bbox 763 2762 801 2819; x_wconf 90' lang='lat' dir='ltr'><strong>ut</strong></span> <span class='ocrx_word' id='word_1_188' title='bbox 816 2755 897 2819; x_wconf 91' lang='lat' dir='ltr'><strong>mihi</strong></span> <span class='ocrx_word' id='word_1_189' title='bbox 911 2757 946 2820; x_wconf 93' lang='lat' dir='ltr'><strong>in</strong></span> <span class='ocrx_word' id='word_1_190' title='bbox 957 2773 1054 2820; x_wconf 91' lang='lat' dir='ltr'><strong>usum</strong></span> <span class='ocrx_word' id='word_1_191' title='bbox 1071 2758 1170 2841; x_wconf 86' lang='lat' dir='ltr'><strong>hujus</strong></span> <span class='ocrx_word' id='word_1_192' title='bbox 1188 2758 1340 2824; x_wconf 87' lang='lat' dir='ltr'><strong>editionis</strong></span> <span class='ocrx_word' id='word_1_193' title='bbox 1354 2760 1556 2838; x_wconf 86' lang='lat' dir='ltr'><strong>concederet,</strong></span> <span class='ocrx_word' id='word_1_194' title='bbox 1566 2778 1632 2825; x_wconf 89' lang='lat' dir='ltr'><strong>uon</strong></span> <span class='ocrx_word' id='word_1_195' title='bbox 1647 2764 1787 2843; x_wconf 88' lang='lat' dir='ltr'><strong>obtinui,</strong></span> <span class='ocrx_word' id='word_1_196' title='bbox 1799 2770 1874 2833; x_wconf 90' lang='lat' dir='ltr'><strong>imo</strong></span> <span class='ocrx_word' id='word_1_197' title='bbox 1892 2787 2021 2850; x_wconf 87' lang='lat' dir='ltr'><strong>respon·</strong></span> 
     </span>
    </p>
   </div>
   <div class='ocr_carea' id='block_1_12' title="bbox 347 2884 2021 2966">
    <p class='ocr_par' dir='ltr' id='par_1_14' title="bbox 347 2884 2021 2966">
     <span class='ocr_line' id='line_1_27' title="bbox 347 2884 2021 2966; baseline 0.001 -16"><span class='ocrx_word' id='word_1_198' title='bbox 347 2913 350 2918; x_wconf 94' lang='lat'>·</span> <span class='ocrx_word' id='word_1_199' title='bbox 382 2904 455 2950; x_wconf 83' lang='lat' dir='ltr'><strong>sum</strong></span> <span class='ocrx_word' id='word_1_200' title='bbox 471 2884 597 2948; x_wconf 90' lang='lat' dir='ltr'><strong>nullum</strong></span> <span class='ocrx_word' id='word_1_201' title='bbox 613 2884 734 2964; x_wconf 89' lang='lat' dir='ltr'><strong>accepi.</strong></span> <span class='ocrx_word' id='word_1_202' title='bbox 750 2885 861 2966; x_wconf 81' lang='lat' dir='ltr'><strong>Neque</strong></span> <span class='ocrx_word' id='word_1_203' title='bbox 871 2885 1151 2966; x_wconf 83' lang='lat' dir='ltr'><strong>cantabrigienses</strong></span> <span class='ocrx_word' id='word_1_204' title='bbox 1168 2888 1359 2964; x_wconf 76' lang='lat' dir='ltr'><strong>rotis‘meis,</strong></span> <span class='ocrx_word' id='word_1_205' title='bbox 1376 2896 1411 2952; x_wconf 94' lang='lat' dir='ltr'><strong>ut</strong></span> <span class='ocrx_word' id='word_1_206' title='bbox 1424 2905 1552 2953; x_wconf 88' lang='lat' dir='ltr'><strong>carmen</strong></span> <span class='ocrx_word' id='word_1_207' title='bbox 1567 2888 1601 2951; x_wconf 92' lang='lat' dir='ltr'><strong>in</strong></span> <span class='ocrx_word' id='word_1_208' title='bbox 1615 2904 1710 2952; x_wconf 88' lang='lat' dir='ltr'><strong>usum</strong></span> <span class='ocrx_word' id='word_1_209' title='bbox 1724 2905 1839 2952; x_wconf 90' lang='lat' dir='ltr'><strong>meum</strong></span> <span class='ocrx_word' id='word_1_210' title='bbox 1856 2889 2021 2954; x_wconf 90' lang='lat' dir='ltr'><strong>describe-</strong></span> 
     </span>
    </p>
   </div>
   <div class='ocr_carea' id='block_1_13' title="bbox 265 2994 2019 3087">
    <p class='ocr_par' dir='ltr' id='par_1_15' title="bbox 265 2994 2019 3087">
     <span class='ocr_line' id='line_1_28' title="bbox 265 2994 2019 3087; baseline 0.001 -17"><span class='ocrx_word' id='word_1_211' title='bbox 265 2994 270 3005; x_wconf 79' lang='lat'>&#39;</span> <span class='ocrx_word' id='word_1_212' title='bbox 386 3015 484 3073; x_wconf 90' lang='lat' dir='ltr'><strong>retur.</strong></span> <span class='ocrx_word' id='word_1_213' title='bbox 499 3004 644 3070; x_wconf 82' lang='lat' dir='ltr'><strong>obsecuti</strong></span> <span class='ocrx_word' id='word_1_214' title='bbox 661 3005 872 3079; x_wconf 83' lang='lat' dir='ltr'><strong>sunt.·Quare</strong></span> <span class='ocrx_word' id='word_1_215' title='bbox 890 3005 995 3072; x_wconf 88' lang='lat' dir='ltr'><strong>solum</strong></span> <span class='ocrx_word' id='word_1_216' title='bbox 1013 3007 1165 3074; x_wconf 72' lang='lat' dir='ltr'><strong>carminis</strong></span> <span class='ocrx_word' id='word_1_217' title='bbox 1179 3007 1288 3081; x_wconf 75' lang='lat' dir='ltr'><strong>finem</strong></span> <span class='ocrx_word' id='word_1_218' title='bbox 1304 3013 1400 3087; x_wconf 85' lang='lat' dir='ltr'><strong>quam</strong></span> <span class='ocrx_word' id='word_1_219' title='bbox 1414 3008 1452 3069; x_wconf 83' lang='lat' dir='ltr'><strong>D&#39;</strong></span> <span class='ocrx_word' id='word_1_220' title='bbox 1465 3005 1584 3070; x_wconf 90' lang='lat' dir='ltr'><strong>Oebler</strong></span> <span class='ocrx_word' id='word_1_221' title='bbox 1600 3008 1787 3074; x_wconf 86' lang='lat' dir='ltr'><strong>cumamico</strong></span> <span class='ocrx_word' id='word_1_222' title='bbox 1799 3008 2019 3074; x_wconf 86' lang='lat' dir='ltr'><strong>communica·</strong></span> 
     </span>
    </p>
   </div>
   <div class='ocr_carea' id='block_1_14' title="bbox 381 3127 2017 4776">
    <p class='ocr_par' dir='ltr' id='par_1_16' title="bbox 385 3127 2011 3211">
     <span class='ocr_line' id='line_1_29' title="bbox 385 3127 2011 3211; baseline -0.006 -11"><span class='ocrx_word' id='word_1_223' title='bbox 385 3139 482 3211; x_wconf 81' lang='lat' dir='ltr'><strong>uerat,</strong></span> <span class='ocrx_word' id='word_1_224' title='bbox 498 3133 593 3196; x_wconf 86' lang='lat' dir='ltr'><strong>cdere</strong></span> <span class='ocrx_word' id='word_1_225' title='bbox 612 3130 712 3211; x_wconf 87' lang='lat' dir='ltr'><strong>potui.</strong></span> <span class='ocrx_word' id='word_1_226' title='bbox 728 3127 857 3191; x_wconf 88' lang='lat' dir='ltr'><strong>Constat</strong></span> <span class='ocrx_word' id='word_1_227' title='bbox 873 3128 944 3208; x_wconf 90' lang='lat' dir='ltr'><strong>ipso</strong></span> <span class='ocrx_word' id='word_1_228' title='bbox 959 3135 1041 3194; x_wconf 88' lang='lat' dir='ltr'><strong>teste</strong></span> <span class='ocrx_word' id='word_1_229' title='bbox 1065 3146 1194 3195; x_wconf 72' lang='lat' dir='ltr'><strong>maman</strong></span> <span class='ocrx_word' id='word_1_230' title='bbox 1215 3129 1396 3210; x_wconf 88' lang='lat' dir='ltr'><strong>argumenti</strong></span> <span class='ocrx_word' id='word_1_231' title='bbox 1415 3131 1744 3211; x_wconf 84' lang='lat' dir='ltr'><strong>dogmatico-escatioi</strong></span> <span class='ocrx_word' id='word_1_232' title='bbox 1769 3130 1929 3196; x_wconf 82' lang='lat' dir='ltr'><strong>versibus</strong></span> <span class='ocrx_word' id='word_1_233' title='bbox 1949 3130 2011 3192; x_wconf 94' lang='grc'><strong>101.</strong></span> 
     </span>
    </p>

    <p class='ocr_par' dir='ltr' id='par_1_17' title="bbox 381 3241 2017 3694">
     <span class='ocr_line' id='line_1_30' title="bbox 425 3241 2017 3333; baseline -0.003 -16"><span class='ocrx_word' id='word_1_234' title='bbox 425 3256 534 3319; x_wconf 80' lang='lat' dir='ltr'><strong>Versus</strong></span> <span class='ocrx_word' id='word_1_235' title='bbox 553 3250 637 3313; x_wconf 81' lang='lat' dir='ltr'><strong>des.</strong></span> <span class='ocrx_word' id='word_1_236' title='bbox 653 3249 805 3331; x_wconf 73' lang='lat' dir='ltr'><strong>blangeio</strong></span> <span class='ocrx_word' id='word_1_237' title='bbox 821 3248 916 3312; x_wconf 90' lang='lat' dir='ltr'><strong>initio</strong></span> <span class='ocrx_word' id='word_1_238' title='bbox 940 3254 973 3313; x_wconf 91' lang='lat' dir='ltr'><strong>et</strong></span> <span class='ocrx_word' id='word_1_239' title='bbox 986 3249 1020 3312; x_wconf 88' lang='lat' dir='ltr'><strong>in</strong></span> <span class='ocrx_word' id='word_1_240' title='bbox 1037 3250 1101 3314; x_wconf 87' lang='lat' dir='ltr'><strong>line</strong></span> <span class='ocrx_word' id='word_1_241' title='bbox 1117 3248 1275 3313; x_wconf 80' lang='lat' dir='ltr'><strong>versionis</strong></span> <span class='ocrx_word' id='word_1_242' title='bbox 1292 3264 1425 3332; x_wconf 89' lang='lat' dir='ltr'><strong>operum</strong></span> <span class='ocrx_word' id='word_1_243' title='bbox 1443 3251 1513 3333; x_wconf 86' lang='lat' dir='ltr'><strong>ejus</strong></span> <span class='ocrx_word' id='word_1_244' title='bbox 1532 3241 1748 3333; x_wconf 79' lang='lat' dir='ltr'><strong>reperiuntur.</strong></span> <span class='ocrx_word' id='word_1_245' title='bbox 1772 3253 1902 3319; x_wconf 79' lang='lat' dir='ltr'><strong>Pariter</strong></span> <span class='ocrx_word' id='word_1_246' title='bbox 1917 3267 2017 3315; x_wconf 74' lang='grc' dir='ltr'>υιιιιιι</span> 
     </span>
     <span class='ocr_line' id='line_1_31' title="bbox 383 3365 2015 3459; baseline -0.006 -20"><span class='ocrx_word' id='word_1_247' title='bbox 383 3383 536 3459; x_wconf 80' lang='lat' dir='ltr'><strong>quattuor</strong></span> <span class='ocrx_word' id='word_1_248' title='bbox 560 3374 655 3438; x_wconf 89' lang='lat' dir='ltr'><strong>initio</strong></span> <span class='ocrx_word' id='word_1_249' title='bbox 680 3370 756 3435; x_wconf 91' lang='lat' dir='ltr'><strong>libri</strong></span> <span class='ocrx_word' id='word_1_250' title='bbox 779 3367 820 3431; x_wconf 92' lang='lat' dir='ltr'><strong>de</strong></span> <span class='ocrx_word' id='word_1_251' title='bbox 846 3365 1145 3430; x_wconf 88' lang='lat' dir='ltr'><strong>Praedesiinatioue</strong></span> <span class='ocrx_word' id='word_1_252' title='bbox 1172 3373 1353 3431; x_wconf 87' lang='lat' dir='ltr'><strong>occurrunt.</strong></span> <span class='ocrx_word' id='word_1_253' title='bbox 1378 3369 1464 3432; x_wconf 76' lang='lat' dir='ltr'><strong>Duos</strong></span> <span class='ocrx_word' id='word_1_254' title='bbox 1487 3388 1595 3433; x_wconf 64' lang='lat' dir='ltr'><strong>uncos</strong></span> <span class='ocrx_word' id='word_1_255' title='bbox 1621 3388 1640 3435; x_wconf 95' lang='lat' dir='ltr'><strong>e</strong></span> <span class='ocrx_word' id='word_1_256' title='bbox 1661 3370 1771 3434; x_wconf 89' lang='lat' dir='ltr'><strong>codice</strong></span> <span class='ocrx_word' id='word_1_257' title='bbox 1799 3370 2015 3435; x_wconf 85' lang='lat' dir='ltr'><strong>bibliothecae</strong></span> 
     </span>
     <span class='ocr_line' id='line_1_32' title="bbox 381 3486 2017 3579; baseline -0.008 -19"><span class='ocrx_word' id='word_1_258' title='bbox 381 3498 499 3579; x_wconf 85' lang='lat' dir='ltr'><strong>liegine</strong></span> <span class='ocrx_word' id='word_1_259' title='bbox 510 3493 927 3574; x_wconf 79' lang='lat' dir='ltr'><strong>eruitdousin,Fropmenta</strong></span> <span class='ocrx_word' id='word_1_260' title='bbox 949 3489 1218 3571; x_wconf 70' lang='lat' dir='ltr'><strong>philosophicum,</strong></span> <span class='ocrx_word' id='word_1_261' title='bbox 1245 3490 1332 3554; x_wconf 82' lang='lat' dir='ltr'><strong>Tam.</strong></span> <span class='ocrx_word' id='word_1_262' title='bbox 1349 3491 1404 3553; x_wconf 82' lang='lat'><strong>111</strong></span> <span class='ocrx_word' id='word_1_263' title='bbox 1420 3491 1563 3573; x_wconf 78' lang='lat' dir='ltr'><strong>Append.</strong></span> <span class='ocrx_word' id='word_1_264' title='bbox 1578 3508 1611 3573; x_wconf 88' lang='lat' dir='ltr'><strong>p.</strong></span> <span class='ocrx_word' id='word_1_265' title='bbox 1627 3492 1697 3554; x_wconf 66' lang='lat'><strong>326.</strong></span> <span class='ocrx_word' id='word_1_266' title='bbox 1715 3491 1806 3566; x_wconf 81' lang='lat' dir='ltr'><strong>Quos</strong></span> <span class='ocrx_word' id='word_1_267' title='bbox 1826 3490 1914 3554; x_wconf 83' lang='lat' dir='ltr'><strong>inira</strong></span> <span class='ocrx_word' id='word_1_268' title='bbox 1931 3486 2017 3552; x_wconf 88' lang='lat' dir='ltr'><strong>addi·</strong></span> 
     </span>
     <span class='ocr_line' id='line_1_33' title="bbox 385 3606 2014 3694; baseline -0.011 -13"><span class='ocrx_word' id='word_1_269' title='bbox 385 3618 504 3682; x_wconf 84' lang='lat' dir='ltr'><strong>dimus.</strong></span> <span class='ocrx_word' id='word_1_270' title='bbox 521 3616 584 3679; x_wconf 82' lang='lat' dir='ltr'><strong>Alii</strong></span> <span class='ocrx_word' id='word_1_271' title='bbox 601 3631 726 3692; x_wconf 86' lang='lat' dir='ltr'><strong>versus,</strong></span> <span class='ocrx_word' id='word_1_272' title='bbox 743 3612 801 3694; x_wconf 91' lang='lat' dir='ltr'><strong>qni</strong></span> <span class='ocrx_word' id='word_1_273' title='bbox 818 3610 935 3675; x_wconf 82' lang='lat' dir='ltr'><strong>ioanni</strong></span> <span class='ocrx_word' id='word_1_274' title='bbox 956 3611 1050 3675; x_wconf 88' lang='lat' dir='ltr'><strong>Scuto</strong></span> <span class='ocrx_word' id='word_1_275' title='bbox 1065 3609 1236 3674; x_wconf 89' lang='lat' dir='ltr'><strong>tribuenda</strong></span> <span class='ocrx_word' id='word_1_276' title='bbox 1253 3627 1325 3674; x_wconf 86' lang='lat' dir='ltr'><strong>esse</strong></span> <span class='ocrx_word' id='word_1_277' title='bbox 1348 3611 1551 3688; x_wconf 80' lang='lat' dir='ltr'><strong>ridebantur,</strong></span> <span class='ocrx_word' id='word_1_278' title='bbox 1570 3627 1667 3692; x_wconf 88' lang='lat' dir='ltr'><strong>supra</strong></span> <span class='ocrx_word' id='word_1_279' title='bbox 1683 3614 1697 3686; x_wconf 73' lang='lat' dir='ltr'><strong>t</strong></span> <span class='ocrx_word' id='word_1_280' title='bbox 1712 3609 1748 3671; x_wconf 93' lang='grc'><strong>11</strong></span> <span class='ocrx_word' id='word_1_281' title='bbox 1770 3606 2014 3689; x_wconf 82' lang='lat' dir='ltr'><strong>adscripsimus.</strong></span> 
     </span>
    </p>

    <p class='ocr_par' dir='ltr' id='par_1_18' title="bbox 383 3726 2014 4292">
     <span class='ocr_line' id='line_1_34' title="bbox 426 3726 2014 3810; baseline -0.008 -16"><span class='ocrx_word' id='word_1_282' title='bbox 426 3731 591 3797; x_wconf 76' lang='lat' dir='ltr'><strong>Accedunt</strong></span> <span class='ocrx_word' id='word_1_283' title='bbox 606 3731 741 3795; x_wconf 82' lang='lat' dir='ltr'><strong>loannis</strong></span> <span class='ocrx_word' id='word_1_284' title='bbox 763 3729 850 3794; x_wconf 88' lang='lat' dir='ltr'><strong>Scoti</strong></span> <span class='ocrx_word' id='word_1_285' title='bbox 864 3728 969 3809; x_wconf 81' lang='lat' dir='ltr'><strong>groeci</strong></span> <span class='ocrx_word' id='word_1_286' title='bbox 983 3744 1091 3797; x_wconf 65' lang='lat' dir='ltr'><strong>casus</strong></span> <span class='ocrx_word' id='word_1_287' title='bbox 1107 3727 1261 3808; x_wconf 90' lang='lat' dir='ltr'><strong>incompti</strong></span> <span class='ocrx_word' id='word_1_288' title='bbox 1277 3734 1308 3793; x_wconf 91' lang='lat' dir='ltr'><strong>et</strong></span> <span class='ocrx_word' id='word_1_289' title='bbox 1323 3726 1458 3804; x_wconf 87' lang='lat' dir='ltr'><strong>horridi,</strong></span> <span class='ocrx_word' id='word_1_290' title='bbox 1476 3729 1534 3810; x_wconf 89' lang='lat' dir='ltr'><strong>qni</strong></span> <span class='ocrx_word' id='word_1_291' title='bbox 1558 3729 1701 3792; x_wconf 89' lang='lat' dir='ltr'><strong>ecodice</strong></span> <span class='ocrx_word' id='word_1_292' title='bbox 1717 3728 1750 3791; x_wconf 83' lang='lat' dir='ltr'><strong>S.</strong></span> <span class='ocrx_word' id='word_1_293' title='bbox 1766 3726 1924 3791; x_wconf 79' lang='lat' dir='ltr'><strong>Germani</strong></span> <span class='ocrx_word' id='word_1_294' title='bbox 1949 3737 2014 3805; x_wconf 91' lang='lat' dir='ltr'><strong>pro·</strong></span> 
     </span>
     <span class='ocr_line' id='line_1_35' title="bbox 383 3834 2013 3932; baseline -0.005 -19"><span class='ocrx_word' id='word_1_295' title='bbox 383 3852 512 3917; x_wconf 86' lang='lat' dir='ltr'><strong>dierunt</strong></span> <span class='ocrx_word' id='word_1_296' title='bbox 526 3851 629 3916; x_wconf 87' lang='lat' dir='ltr'><strong>literis</strong></span> <span class='ocrx_word' id='word_1_297' title='bbox 644 3848 825 3914; x_wconf 87' lang='lat' dir='ltr'><strong>uncialibus</strong></span> <span class='ocrx_word' id='word_1_298' title='bbox 841 3866 906 3912; x_wconf 89' lang='lat' dir='ltr'><strong>uua</strong></span> <span class='ocrx_word' id='word_1_299' title='bbox 924 3865 996 3912; x_wconf 92' lang='lat' dir='ltr'><strong>cum</strong></span> <span class='ocrx_word' id='word_1_300' title='bbox 1013 3847 1132 3928; x_wconf 76' lang='lat' dir='ltr'><strong>glossis</strong></span> <span class='ocrx_word' id='word_1_301' title='bbox 1147 3848 1254 3912; x_wconf 87' lang='lat' dir='ltr'><strong>latinis</strong></span> <span class='ocrx_word' id='word_1_302' title='bbox 1269 3848 1302 3912; x_wconf 91' lang='lat' dir='ltr'><strong>in</strong></span> <span class='ocrx_word' id='word_1_303' title='bbox 1319 3848 1518 3932; x_wconf 71' lang='lat' dir='ltr'><strong>Praefatianc</strong></span> <span class='ocrx_word' id='word_1_304' title='bbox 1531 3847 1573 3909; x_wconf 89' lang='lat' dir='ltr'><strong>cd</strong></span> <span class='ocrx_word' id='word_1_305' title='bbox 1585 3847 1623 3911; x_wconf 80' lang='grc'><strong>0.</strong></span> <span class='ocrx_word' id='word_1_306' title='bbox 1640 3844 1941 3925; x_wconf 78' lang='lat' dir='ltr'><strong>Lubbei&#39;gtcsrurio.</strong></span> <span class='ocrx_word' id='word_1_307' title='bbox 1956 3834 2013 3914; x_wconf 84' lang='lat' dir='ltr'><strong>Qui</strong></span> 
     </span>
     <span class='ocr_line' id='line_1_36' title="bbox 385 3964 2012 4050; baseline -0.012 -12"><span class='ocrx_word' id='word_1_308' title='bbox 385 3975 446 4038; x_wconf 90' lang='lat' dir='ltr'><strong>etsi</strong></span> <span class='ocrx_word' id='word_1_309' title='bbox 459 3980 521 4038; x_wconf 91' lang='lat' dir='ltr'><strong>tam</strong></span> <span class='ocrx_word' id='word_1_310' title='bbox 534 3968 676 4050; x_wconf 90' lang='lat' dir='ltr'><strong>corrupti</strong></span> <span class='ocrx_word' id='word_1_311' title='bbox 688 3968 764 4044; x_wconf 89' lang='lat' dir='ltr'><strong>sint,</strong></span> <span class='ocrx_word' id='word_1_312' title='bbox 776 3974 811 4031; x_wconf 90' lang='lat' dir='ltr'><strong>ut</strong></span> <span class='ocrx_word' id='word_1_313' title='bbox 827 3967 900 4048; x_wconf 90' lang='lat' dir='ltr'><strong>ipso</strong></span> <span class='ocrx_word' id='word_1_314' title='bbox 914 3965 1039 4048; x_wconf 78' lang='lat' dir='ltr'><strong>bugeio</strong></span> <span class='ocrx_word' id='word_1_315' title='bbox 1052 3967 1116 4031; x_wconf 81' lang='lat' dir='ltr'><strong>alal</strong></span> <span class='ocrx_word' id='word_1_316' title='bbox 1133 3972 1214 4032; x_wconf 86' lang='lat' dir='ltr'><strong>teste</strong></span> <span class='ocrx_word' id='word_1_317' title='bbox 1228 3968 1250 4030; x_wconf 94' lang='lat' dir='ltr'><strong>l.</strong></span> <span class='ocrx_word' id='word_1_318' title='bbox 1263 3967 1284 4029; x_wconf 93' lang='grc'><strong>1.</strong></span> <span class='ocrx_word' id='word_1_319' title='bbox 1300 3986 1332 4049; x_wconf 92' lang='lat' dir='ltr'><strong>p.</strong></span> <span class='ocrx_word' id='word_1_320' title='bbox 1345 3968 1402 4032; x_wconf 80' lang='grc'><strong>151</strong></span> <span class='ocrx_word' id='word_1_321' title='bbox 1414 3968 1521 4031; x_wconf 89' lang='lat' dir='ltr'><strong>sanari</strong></span> <span class='ocrx_word' id='word_1_322' title='bbox 1532 3967 1584 4031; x_wconf 81' lang='lat' dir='ltr'><strong>vix</strong></span> <span class='ocrx_word' id='word_1_323' title='bbox 1601 3982 1696 4047; x_wconf 88' lang='lat' dir='ltr'><strong>posse</strong></span> <span class='ocrx_word' id='word_1_324' title='bbox 1715 3964 2012 4040; x_wconf 81' lang='lat' dir='ltr'><strong>videantur,tarnen</strong></span> 
     </span>
     <span class='ocr_line' id='line_1_37' title="bbox 384 4055 2013 4170; baseline -0.009 -12"><span class='ocrx_word' id='word_1_325' title='bbox 384 4097 418 4158; x_wconf 92' lang='lat' dir='ltr'><strong>in</strong></span> <span class='ocrx_word' id='word_1_326' title='bbox 430 4094 472 4157; x_wconf 88' lang='lat' dir='ltr'><strong>iis</strong></span> <span class='ocrx_word' id='word_1_327' title='bbox 484 4089 695 4157; x_wconf 89' lang='lat' dir='ltr'><strong>emendandis</strong></span> <span class='ocrx_word' id='word_1_328' title='bbox 710 4106 747 4153; x_wconf 89' lang='lat' dir='ltr'><strong>ac</strong></span> <span class='ocrx_word' id='word_1_329' title='bbox 762 4089 949 4170; x_wconf 86' lang='lat' dir='ltr'><strong>reparandis</strong></span> <span class='ocrx_word' id='word_1_330' title='bbox 961 4108 1029 4156; x_wconf 91' lang='lat' dir='ltr'><strong>non</strong></span> <span class='ocrx_word' id='word_1_331' title='bbox 1045 4093 1118 4157; x_wconf 87' lang='lat' dir='ltr'><strong>siue</strong></span> <span class='ocrx_word' id='word_1_332' title='bbox 1132 4091 1239 4157; x_wconf 83' lang='lat' dir='ltr'><strong>fructu</strong></span> <span class='ocrx_word' id='word_1_333' title='bbox 1254 4093 1349 4157; x_wconf 88' lang='lat' dir='ltr'><strong>nubis</strong></span> <span class='ocrx_word' id='word_1_334' title='bbox 1364 4093 1525 4157; x_wconf 90' lang='lat' dir='ltr'><strong>laborasse</strong></span> <span class='ocrx_word' id='word_1_335' title='bbox 1541 4090 1699 4153; x_wconf 82' lang='lat' dir='ltr'><strong>uidemur.</strong></span> <span class='ocrx_word' id='word_1_336' title='bbox 1710 4087 1819 4162; x_wconf 81' lang='lat' dir='ltr'><strong>Quare</strong></span> <span class='ocrx_word' id='word_1_337' title='bbox 1832 4086 1859 4148; x_wconf 90' lang='lat' dir='ltr'><strong>ii</strong></span> <span class='ocrx_word' id='word_1_338' title='bbox 1876 4055 2013 4160; x_wconf 81' lang='lat' dir='ltr'><strong>castigati</strong></span> 
     </span>
     <span class='ocr_line' id='line_1_38' title="bbox 385 4196 2010 4292; baseline -0.008 -17"><span class='ocrx_word' id='word_1_339' title='bbox 385 4213 439 4275; x_wconf 90' lang='lat' dir='ltr'><strong>bic</strong></span> <span class='ocrx_word' id='word_1_340' title='bbox 456 4211 565 4275; x_wconf 89' lang='lat' dir='ltr'><strong>denuo</strong></span> <span class='ocrx_word' id='word_1_341' title='bbox 583 4208 734 4274; x_wconf 88' lang='lat' dir='ltr'><strong>eduntur.</strong></span> <span class='ocrx_word' id='word_1_342' title='bbox 758 4208 910 4277; x_wconf 78' lang='lat' dir='ltr'><strong>codicem</strong></span> <span class='ocrx_word' id='word_1_343' title='bbox 930 4212 962 4274; x_wconf 87' lang='lat' dir='ltr'><strong>S.</strong></span> <span class='ocrx_word' id='word_1_344' title='bbox 978 4212 1131 4277; x_wconf 86' lang='lat' dir='ltr'><strong>Germani</strong></span> <span class='ocrx_word' id='word_1_345' title='bbox 1146 4212 1179 4278; x_wconf 89' lang='lat' dir='ltr'><strong>iu</strong></span> <span class='ocrx_word' id='word_1_346' title='bbox 1203 4211 1400 4277; x_wconf 84' lang='lat' dir='ltr'><strong>bibliotheca</strong></span> <span class='ocrx_word' id='word_1_347' title='bbox 1417 4212 1515 4292; x_wconf 83' lang='lat' dir='ltr'><strong>Regia</strong></span> <span class='ocrx_word' id='word_1_348' title='bbox 1528 4207 1702 4274; x_wconf 85' lang='lat' dir='ltr'><strong>Parisiensi</strong></span> <span class='ocrx_word' id='word_1_349' title='bbox 1720 4202 1840 4269; x_wconf 80' lang='lat' dir='ltr'><strong>irustr&#39;a</strong></span> <span class='ocrx_word' id='word_1_350' title='bbox 1859 4196 2010 4285; x_wconf 72' lang='lat' dir='ltr'><strong>quaein.</strong></span> 
     </span>
    </p>

    <p class='ocr_par' dir='ltr' id='par_1_19' title="bbox 385 4322 2011 4776">
     <span class='ocr_line' id='line_1_39' title="bbox 425 4322 2008 4416; baseline -0.006 -21"><span class='ocrx_word' id='word_1_351' title='bbox 425 4333 510 4397; x_wconf 82' lang='lat' dir='ltr'><strong>Casu</strong></span> <span class='ocrx_word' id='word_1_352' title='bbox 533 4331 567 4396; x_wconf 93' lang='lat' dir='ltr'><strong>in</strong></span> <span class='ocrx_word' id='word_1_353' title='bbox 581 4347 696 4395; x_wconf 89' lang='lat' dir='ltr'><strong>manus</strong></span> <span class='ocrx_word' id='word_1_354' title='bbox 711 4348 798 4398; x_wconf 87' lang='lat' dir='ltr'><strong>meas</strong></span> <span class='ocrx_word' id='word_1_355' title='bbox 814 4335 902 4398; x_wconf 80' lang='lat' dir='ltr'><strong>venit</strong></span> <span class='ocrx_word' id='word_1_356' title='bbox 918 4352 1046 4401; x_wconf 90' lang='lat' dir='ltr'><strong>carmen</strong></span> <span class='ocrx_word' id='word_1_357' title='bbox 1063 4352 1226 4416; x_wconf 88' lang='lat' dir='ltr'><strong>graecum,</strong></span> <span class='ocrx_word' id='word_1_358' title='bbox 1237 4335 1341 4398; x_wconf 87' lang='lat' dir='ltr'><strong>literis</strong></span> <span class='ocrx_word' id='word_1_359' title='bbox 1352 4332 1462 4398; x_wconf 88' lang='lat' dir='ltr'><strong>latinis</strong></span> <span class='ocrx_word' id='word_1_360' title='bbox 1476 4330 1579 4396; x_wconf 86' lang='lat' dir='ltr'><strong>seculi</strong></span> <span class='ocrx_word' id='word_1_361' title='bbox 1593 4330 1640 4392; x_wconf 82' lang='lat' dir='ltr'><strong>lx</strong></span> <span class='ocrx_word' id='word_1_362' title='bbox 1655 4336 1833 4407; x_wconf 83' lang='lat' dir='ltr'><strong>exaratum,</strong></span> <span class='ocrx_word' id='word_1_363' title='bbox 1845 4322 2008 4406; x_wconf 77' lang='lat' dir='ltr'><strong>adscriptis</strong></span> 
     </span>
     <span class='ocr_line' id='line_1_40' title="bbox 388 4442 2011 4543; baseline -0.002 -29"><span class='ocrx_word' id='word_1_364' title='bbox 388 4451 504 4540; x_wconf 88' lang='lat' dir='ltr'><strong>glossis</strong></span> <span class='ocrx_word' id='word_1_365' title='bbox 534 4449 653 4514; x_wconf 89' lang='lat' dir='ltr'><strong>latinis.</strong></span> <span class='ocrx_word' id='word_1_366' title='bbox 680 4449 774 4526; x_wconf 85' lang='lat' dir='ltr'><strong>Quod</strong></span> <span class='ocrx_word' id='word_1_367' title='bbox 788 4455 899 4534; x_wconf 74' lang='lat' dir='ltr'><strong>&#39;quum</strong></span> <span class='ocrx_word' id='word_1_368' title='bbox 921 4453 1076 4543; x_wconf 81' lang='lat' dir='ltr'><strong>ante&#39;hos</strong></span> <span class='ocrx_word' id='word_1_369' title='bbox 1094 4453 1244 4538; x_wconf 86' lang='lat' dir='ltr'><strong>quinque</strong></span> <span class='ocrx_word' id='word_1_370' title='bbox 1264 4467 1366 4516; x_wconf 88' lang='lat' dir='ltr'><strong>annos</strong></span> <span class='ocrx_word' id='word_1_371' title='bbox 1390 4453 1427 4513; x_wconf 68' lang='lat' dir='ltr'><strong>b*</strong></span> <span class='ocrx_word' id='word_1_372' title='bbox 1451 4451 1495 4514; x_wconf 85' lang='lat' dir='ltr'><strong>u.</strong></span> <span class='ocrx_word' id='word_1_373' title='bbox 1521 4450 1556 4514; x_wconf 84' lang='grc'><strong>0.</strong></span> <span class='ocrx_word' id='word_1_374' title='bbox 1574 4450 1610 4511; x_wconf 86' lang='grc' dir='ltr'><strong>Β.</strong></span> <span class='ocrx_word' id='word_1_375' title='bbox 1633 4448 1717 4512; x_wconf 82' lang='lat' dir='ltr'><strong>Bocll</strong></span> <span class='ocrx_word' id='word_1_376' title='bbox 1742 4466 1771 4511; x_wconf 83' lang='lat' dir='ltr'><strong>r.</strong></span> <span class='ocrx_word' id='word_1_377' title='bbox 1796 4449 1839 4513; x_wconf 89' lang='lat' dir='ltr'><strong>cl.</strong></span> <span class='ocrx_word' id='word_1_378' title='bbox 1864 4467 1883 4512; x_wconf 90' lang='lat' dir='ltr'><strong>e</strong></span> <span class='ocrx_word' id='word_1_379' title='bbox 1909 4442 2011 4510; x_wconf 77' lang='lat' dir='ltr'><strong>codice</strong></span> 
     </span>
     <span class='ocr_line' id='line_1_41' title="bbox 385 4544 2010 4671; baseline -0.002 -36"><span class='ocrx_word' id='word_1_380' title='bbox 385 4569 602 4651; x_wconf 88' lang='lat' dir='ltr'><strong>bibliothecae</strong></span> <span class='ocrx_word' id='word_1_381' title='bbox 612 4572 838 4671; x_wconf 79' lang='lat' dir='ltr'><strong>burgundicae</strong></span> <span class='ocrx_word' id='word_1_382' title='bbox 850 4571 1075 4636; x_wconf 82' lang='lat' dir='ltr'><strong>Bruxeliensis</strong></span> <span class='ocrx_word' id='word_1_383' title='bbox 1089 4544 1285 4650; x_wconf 88' lang='lat' dir='ltr'><strong>descriptum</strong></span> <span class='ocrx_word' id='word_1_384' title='bbox 1301 4570 1453 4636; x_wconf 87' lang='lat' dir='ltr'><strong>Lerscbio</strong></span> <span class='ocrx_word' id='word_1_385' title='bbox 1463 4575 1574 4634; x_wconf 85' lang='lat' dir='ltr'><strong>nostru</strong></span> <span class='ocrx_word' id='word_1_386' title='bbox 1586 4569 1687 4635; x_wconf 86' lang='lat' dir='ltr'><strong>ebeni</strong></span> <span class='ocrx_word' id='word_1_387' title='bbox 1705 4579 1905 4653; x_wconf 89' lang='lat' dir='ltr'><strong>praematura</strong></span> <span class='ocrx_word' id='word_1_388' title='bbox 1917 4568 2010 4632; x_wconf 78' lang='lat' dir='ltr'><strong>morie</strong></span> 
     </span>
     <span class='ocr_line' id='line_1_42' title="bbox 387 4676 2008 4776; baseline -0.002 -18"><span class='ocrx_word' id='word_1_389' title='bbox 387 4676 484 4758; x_wconf 84' lang='lat' dir='ltr'><strong>nohis</strong></span> <span class='ocrx_word' id='word_1_390' title='bbox 499 4699 609 4773; x_wconf 89' lang='lat' dir='ltr'><strong>erepto</strong></span> <span class='ocrx_word' id='word_1_391' title='bbox 634 4692 788 4768; x_wconf 75' lang='lat' dir='ltr'><strong>misisset,</strong></span> <span class='ocrx_word' id='word_1_392' title='bbox 808 4701 844 4757; x_wconf 92' lang='lat' dir='ltr'><strong>ut</strong></span> <span class='ocrx_word' id='word_1_393' title='bbox 864 4694 1004 4774; x_wconf 87' lang='lat' dir='ltr'><strong>primum</strong></span> <span class='ocrx_word' id='word_1_394' title='bbox 1023 4693 1315 4776; x_wconf 57' lang='lat' dir='ltr'><strong>inspexrgioanuis</strong></span> <span class='ocrx_word' id='word_1_395' title='bbox 1338 4694 1422 4758; x_wconf 82' lang='lat' dir='ltr'><strong>scoti</strong></span> <span class='ocrx_word' id='word_1_396' title='bbox 1452 4680 1564 4758; x_wconf 78' lang='lat' dir='ltr'><strong>rursus</strong></span> <span class='ocrx_word' id='word_1_397' title='bbox 1585 4709 1656 4757; x_wconf 89' lang='lat' dir='ltr'><strong>esse</strong></span> <span class='ocrx_word' id='word_1_398' title='bbox 1680 4694 1828 4771; x_wconf 76' lang='lat' dir='ltr'><strong>cognovi.</strong></span> <span class='ocrx_word' id='word_1_399' title='bbox 1854 4691 2008 4757; x_wconf 80' lang='lat' dir='ltr'><strong>codicem,</strong></span> 
     </span>
    </p>
   </div>
   <div class='ocr_carea' id='block_1_15' title="bbox 389 4794 2009 5151">
    <p class='ocr_par' dir='ltr' id='par_1_20' title="bbox 389 4794 2009 5151">
     <span class='ocr_line' id='line_1_43' title="bbox 390 4794 2007 4898; baseline -0.003 -21"><span class='ocrx_word' id='word_1_400' title='bbox 390 4794 495 4898; x_wconf 78' lang='lat' dir='ltr'><strong>nuper</strong></span> <span class='ocrx_word' id='word_1_401' title='bbox 511 4830 583 4876; x_wconf 93' lang='lat' dir='ltr'><strong>cum</strong></span> <span class='ocrx_word' id='word_1_402' title='bbox 602 4811 762 4877; x_wconf 83' lang='lat' dir='ltr'><strong>Bruxeliis</strong></span> <span class='ocrx_word' id='word_1_403' title='bbox 783 4834 939 4893; x_wconf 85' lang='lat' dir='ltr'><strong>versarer,</strong></span> <span class='ocrx_word' id='word_1_404' title='bbox 965 4819 998 4882; x_wconf 90' lang='lat' dir='ltr'><strong>in</strong></span> <span class='ocrx_word' id='word_1_405' title='bbox 1013 4819 1182 4897; x_wconf 80' lang='lat' dir='ltr'><strong>¹Franciam</strong></span> <span class='ocrx_word' id='word_1_406' title='bbox 1201 4816 1532 4898; x_wconf 79' lang='lat' dir='ltr'><strong>missum,&#39;=inspice&#39;re</strong></span> <span class='ocrx_word' id='word_1_407' title='bbox 1556 4824 1621 4886; x_wconf 85' lang='lat' dir='ltr'><strong>uon</strong></span> <span class='ocrx_word' id='word_1_408' title='bbox 1640 4815 1743 4893; x_wconf 87' lang='lat' dir='ltr'><strong>potui.</strong></span> <span class='ocrx_word' id='word_1_409' title='bbox 1766 4815 1822 4878; x_wconf 81' lang='lat' dir='ltr'><strong>Est</strong></span> <span class='ocrx_word' id='word_1_410' title='bbox 1845 4828 1923 4881; x_wconf 78' lang='lat' dir='ltr'><strong>uero</strong></span> <span class='ocrx_word' id='word_1_411' title='bbox 1944 4803 2007 4872; x_wconf 83' lang='lat' dir='ltr'><strong>eud·</strong></span> 
     </span>
     <span class='ocr_line' id='line_1_44' title="bbox 389 4908 2009 5024; baseline -0.006 -30"><span class='ocrx_word' id='word_1_412' title='bbox 389 4908 615 5024; x_wconf 72' lang='grc'><strong>1007010081,</strong></span> <span class='ocrx_word' id='word_1_413' title='bbox 629 4933 820 5013; x_wconf 85' lang='lat' dir='ltr'><strong>membran,</strong></span> <span class='ocrx_word' id='word_1_414' title='bbox 838 4934 907 5011; x_wconf 79' lang='lat' dir='ltr'><strong>iob,</strong></span> <span class='ocrx_word' id='word_1_415' title='bbox 925 4936 1029 5000; x_wconf 87' lang='lat' dir='ltr'><strong>seculi</strong></span> <span class='ocrx_word' id='word_1_416' title='bbox 1044 4937 1114 4999; x_wconf 81' lang='lat' dir='ltr'><strong>llll.</strong></span> <span class='ocrx_word' id='word_1_417' title='bbox 1131 4936 1345 5003; x_wconf 85' lang='lat' dir='ltr'><strong>Continentur</strong></span> <span class='ocrx_word' id='word_1_418' title='bbox 1362 4951 1401 4998; x_wconf 90' lang='lat' dir='ltr'><strong>eu</strong></span> <span class='ocrx_word' id='word_1_419' title='bbox 1417 4932 1593 5015; x_wconf 69' lang='lat' dir='ltr'><strong>virgiliana</strong></span> <span class='ocrx_word' id='word_1_420' title='bbox 1613 4930 1774 5011; x_wconf 75' lang='lat' dir='ltr'><strong>Fuigentii</strong></span> <span class='ocrx_word' id='word_1_421' title='bbox 1795 4937 1827 4994; x_wconf 86' lang='lat' dir='ltr'><strong>et</strong></span> <span class='ocrx_word' id='word_1_422' title='bbox 1845 4927 1965 5008; x_wconf 78' lang='lat' dir='ltr'><strong>glossae</strong></span> <span class='ocrx_word' id='word_1_423' title='bbox 1977 4916 2009 4979; x_wconf 70' lang='lat' dir='ltr'><strong>de</strong></span> 
     </span>
     <span class='ocr_line' id='line_1_45' title="bbox 392 5050 2007 5151; baseline -0.01 -26"><span class='ocrx_word' id='word_1_424' title='bbox 392 5063 547 5127; x_wconf 76' lang='lat' dir='ltr'><strong>obstrusis</strong></span> <span class='ocrx_word' id='word_1_425' title='bbox 562 5056 831 5151; x_wconf 62' lang='lat' dir='ltr'><strong>romanabus-ln</strong></span> <span class='ocrx_word' id='word_1_426' title='bbox 846 5055 966 5135; x_wconf 90' lang='lat' dir='ltr'><strong>quibus</strong></span> <span class='ocrx_word' id='word_1_427' title='bbox 985 5054 1104 5134; x_wconf 76' lang='lat' dir='ltr'><strong>glossis</strong></span> <span class='ocrx_word' id='word_1_428' title='bbox 1129 5062 1161 5117; x_wconf 87' lang='lat' dir='ltr'><strong>ot</strong></span> <span class='ocrx_word' id='word_1_429' title='bbox 1176 5055 1274 5116; x_wconf 89' lang='lat' dir='ltr'><strong>hosce</strong></span> <span class='ocrx_word' id='word_1_430' title='bbox 1288 5070 1412 5128; x_wconf 83' lang='lat' dir='ltr'><strong>versus,</strong></span> <span class='ocrx_word' id='word_1_431' title='bbox 1428 5054 1461 5117; x_wconf 88' lang='lat' dir='ltr'><strong>in</strong></span> <span class='ocrx_word' id='word_1_432' title='bbox 1484 5052 1639 5115; x_wconf 88' lang='lat' dir='ltr'><strong>bonorem</strong></span> <span class='ocrx_word' id='word_1_433' title='bbox 1658 5051 1689 5112; x_wconf 85' lang='lat' dir='ltr'><strong>S.</strong></span> <span class='ocrx_word' id='word_1_434' title='bbox 1714 5050 1865 5131; x_wconf 82' lang='lat' dir='ltr'><strong>Dionysii</strong></span> <span class='ocrx_word' id='word_1_435' title='bbox 1888 5058 2007 5119; x_wconf 81' lang='lat' dir='ltr'><strong>compo·</strong></span> 
     </span>
    </p>
   </div>
   <div class='ocr_carea' id='block_1_16' title="bbox 389 5156 1894 5259">
    <p class='ocr_par' dir='ltr' id='par_1_21' title="bbox 389 5156 1894 5259">
     <span class='ocr_line' id='line_1_46' title="bbox 389 5156 1894 5259; baseline -0.022 -11"><span class='ocrx_word' id='word_1_436' title='bbox 389 5185 482 5258; x_wconf 88' lang='lat' dir='ltr'><strong>sitos,</strong></span> <span class='ocrx_word' id='word_1_437' title='bbox 498 5181 662 5246; x_wconf 87' lang='lat' dir='ltr'><strong>numerari</strong></span> <span class='ocrx_word' id='word_1_438' title='bbox 680 5177 839 5259; x_wconf 87' lang='lat' dir='ltr'><strong>suspicor.</strong></span> <span class='ocrx_word' id='word_1_439' title='bbox 1869 5156 1894 5194; x_wconf 75' lang='lat'><em>0</em></span> 
     </span>
    </p>
   </div>
   <div class='ocr_carea' id='block_1_17' title="bbox 389 5297 2002 5883">
    <p class='ocr_par' dir='ltr' id='par_1_22' title="bbox 389 5297 2002 5883">
     <span class='ocr_line' id='line_1_47' title="bbox 429 5297 2002 5413; baseline -0.004 -47"><span class='ocrx_word' id='word_1_440' title='bbox 429 5309 443 5382; x_wconf 68' lang='lat' dir='ltr'><strong>t</strong></span> <span class='ocrx_word' id='word_1_441' title='bbox 459 5305 507 5368; x_wconf 91' lang='grc'><strong>16.</strong></span> <span class='ocrx_word' id='word_1_442' title='bbox 522 5304 637 5413; x_wconf 71' lang='lat' dir='ltr'><strong>Nuper</strong></span> <span class='ocrx_word' id='word_1_443' title='bbox 646 5298 811 5381; x_wconf 91' lang='lat' dir='ltr'><strong>pollicitus</strong></span> <span class='ocrx_word' id='word_1_444' title='bbox 826 5305 874 5361; x_wconf 90' lang='lat' dir='ltr'><strong>est</strong></span> <span class='ocrx_word' id='word_1_445' title='bbox 887 5300 926 5360; x_wconf 86' lang='lat' dir='ltr'><strong>b.</strong></span> <span class='ocrx_word' id='word_1_446' title='bbox 940 5298 1025 5363; x_wconf 86' lang='lat' dir='ltr'><strong>Pitra</strong></span> <span class='ocrx_word' id='word_1_447' title='bbox 1040 5316 1070 5361; x_wconf 83' lang='lat' dir='ltr'><strong>r.</strong></span> <span class='ocrx_word' id='word_1_448' title='bbox 1087 5297 1140 5372; x_wconf 81' lang='lat' dir='ltr'><strong>ul,</strong></span> <span class='ocrx_word' id='word_1_449' title='bbox 1161 5297 1323 5379; x_wconf 84' lang='lat' dir='ltr'><strong>spicilegii</strong></span> <span class='ocrx_word' id='word_1_450' title='bbox 1339 5298 1552 5363; x_wconf 87' lang='lat' dir='ltr'><strong>Solesmensis</strong></span> <span class='ocrx_word' id='word_1_451' title='bbox 1580 5300 1669 5365; x_wconf 82' lang='lat' dir='ltr'><strong>Tom.</strong></span> <span class='ocrx_word' id='word_1_452' title='bbox 1689 5302 1717 5365; x_wconf 94' lang='lat' dir='ltr'><strong>ll</strong></span> <span class='ocrx_word' id='word_1_453' title='bbox 1732 5319 1767 5366; x_wconf 88' lang='lat' dir='ltr'><strong>sc</strong></span> <span class='ocrx_word' id='word_1_454' title='bbox 1782 5301 1913 5367; x_wconf 84' lang='lat' dir='ltr'><strong>Ioannis</strong></span> <span class='ocrx_word' id='word_1_455' title='bbox 1927 5298 2002 5359; x_wconf 84' lang='lat' dir='ltr'><strong>Scub</strong></span> 
     </span>
     <span class='ocr_line' id='line_1_48' title="bbox 389 5420 1999 5509; baseline -0.007 -17"><span class='ocrx_word' id='word_1_456' title='bbox 389 5434 626 5492; x_wconf 74' lang='lat' dir='ltr'><strong>commentarios</strong></span> <span class='ocrx_word' id='word_1_457' title='bbox 648 5425 681 5484; x_wconf 84' lang='lat' dir='ltr'><strong>io</strong></span> <span class='ocrx_word' id='word_1_458' title='bbox 705 5423 901 5485; x_wconf 77' lang='lat' dir='ltr'><strong>Marcianum</strong></span> <span class='ocrx_word' id='word_1_459' title='bbox 929 5421 1087 5503; x_wconf 81' lang='lat' dir='ltr'><strong>Capellam</strong></span> <span class='ocrx_word' id='word_1_460' title='bbox 1110 5420 1345 5501; x_wconf 85' lang='lat' dir='ltr'><strong>evulgaturum.</strong></span> <span class='ocrx_word' id='word_1_461' title='bbox 1377 5423 1466 5496; x_wconf 84' lang='lat' dir='ltr'><strong>Quos</strong></span> <span class='ocrx_word' id='word_1_462' title='bbox 1489 5422 1585 5488; x_wconf 90' lang='lat' dir='ltr'><strong>doleo</strong></span> <span class='ocrx_word' id='word_1_463' title='bbox 1615 5427 1759 5492; x_wconf 91' lang='lat' dir='ltr'><strong>nondum</strong></span> <span class='ocrx_word' id='word_1_464' title='bbox 1780 5426 1999 5509; x_wconf 85' lang='lat' dir='ltr'><strong>comparuisse.</strong></span> 
     </span>
     <span class='ocr_line' id='line_1_49' title="bbox 390 5514 2001 5637; baseline -0.009 -18"><span class='ocrx_word' id='word_1_465' title='bbox 390 5514 579 5637; x_wconf 76' lang='lat' dir='ltr'><strong>Nuperrime</strong></span> <span class='ocrx_word' id='word_1_466' title='bbox 593 5567 694 5633; x_wconf 89' lang='lat' dir='ltr'><strong>quum</strong></span> <span class='ocrx_word' id='word_1_467' title='bbox 713 5547 843 5611; x_wconf 88' lang='lat' dir='ltr'><strong>Parisiis</strong></span> <span class='ocrx_word' id='word_1_468' title='bbox 857 5549 1019 5626; x_wconf 81' lang='lat' dir='ltr'><strong>versabar,</strong></span> <span class='ocrx_word' id='word_1_469' title='bbox 1041 5549 1077 5617; x_wconf 87' lang='lat' dir='ltr'><strong>iu</strong></span> <span class='ocrx_word' id='word_1_470' title='bbox 1094 5547 1204 5613; x_wconf 88' lang='lat' dir='ltr'><strong>codice</strong></span> <span class='ocrx_word' id='word_1_471' title='bbox 1228 5566 1288 5612; x_wconf 88' lang='lat' dir='ltr'><strong>ms.</strong></span> <span class='ocrx_word' id='word_1_472' title='bbox 1307 5550 1338 5611; x_wconf 88' lang='lat' dir='ltr'><strong>S.</strong></span> <span class='ocrx_word' id='word_1_473' title='bbox 1355 5550 1506 5613; x_wconf 86' lang='lat' dir='ltr'><strong>Germani</strong></span> <span class='ocrx_word' id='word_1_474' title='bbox 1530 5553 1619 5627; x_wconf 88' lang='grc'><strong>1110,</strong></span> <span class='ocrx_word' id='word_1_475' title='bbox 1637 5551 1713 5615; x_wconf 91' lang='lat' dir='ltr'><strong>olim</strong></span> <span class='ocrx_word' id='word_1_476' title='bbox 1737 5551 1808 5627; x_wconf 77' lang='lat' dir='ltr'><strong>aab,</strong></span> <span class='ocrx_word' id='word_1_477' title='bbox 1825 5548 2001 5615; x_wconf 81' lang='lat' dir='ltr'><strong>membran..</strong></span> 
     </span>
     <span class='ocr_line' id='line_1_50' title="bbox 391 5659 1989 5753; baseline -0.009 -13"><span class='ocrx_word' id='word_1_478' title='bbox 391 5676 452 5740; x_wconf 90' lang='lat' dir='ltr'><strong>hos</strong></span> <span class='ocrx_word' id='word_1_479' title='bbox 465 5673 712 5742; x_wconf 88' lang='lat' dir='ltr'><strong>commentarios</strong></span> <span class='ocrx_word' id='word_1_480' title='bbox 727 5667 891 5733; x_wconf 86' lang='lat' dir='ltr'><strong>detexisse</strong></span> <span class='ocrx_word' id='word_1_481' title='bbox 900 5667 980 5730; x_wconf 91' lang='lat' dir='ltr'><strong>mibi</strong></span> <span class='ocrx_word' id='word_1_482' title='bbox 993 5667 1113 5733; x_wconf 86' lang='lat' dir='ltr'><strong>uideor.</strong></span> <span class='ocrx_word' id='word_1_483' title='bbox 1130 5669 1194 5734; x_wconf 88' lang='lat' dir='ltr'><strong>Nec</strong></span> <span class='ocrx_word' id='word_1_484' title='bbox 1206 5675 1312 5732; x_wconf 89' lang='lat' dir='ltr'><strong>tamen</strong></span> <span class='ocrx_word' id='word_1_485' title='bbox 1321 5667 1422 5733; x_wconf 87' lang='lat' dir='ltr'><strong>otium</strong></span> <span class='ocrx_word' id='word_1_486' title='bbox 1436 5670 1515 5735; x_wconf 89' lang='lat' dir='ltr'><strong>mibi</strong></span> <span class='ocrx_word' id='word_1_487' title='bbox 1529 5671 1720 5753; x_wconf 88' lang='lat' dir='ltr'><strong>suppetebat</strong></span> <span class='ocrx_word' id='word_1_488' title='bbox 1731 5688 1788 5735; x_wconf 89' lang='lat' dir='ltr'><strong>eos</strong></span> <span class='ocrx_word' id='word_1_489' title='bbox 1797 5659 1989 5734; x_wconf 87' lang='lat' dir='ltr'><strong>describendi</strong></span> 
     </span>
     <span class='ocr_line' id='line_1_51' title="bbox 393 5792 2000 5883; baseline -0.002 -22"><span class='ocrx_word' id='word_1_490' title='bbox 393 5800 498 5872; x_wconf 82' lang='lat' dir='ltr'><strong>Quare</strong></span> <span class='ocrx_word' id='word_1_491' title='bbox 511 5797 647 5883; x_wconf 43' lang='lat' dir='ltr'><strong>D.,Pitra</strong></span> <span class='ocrx_word' id='word_1_492' title='bbox 658 5795 759 5862; x_wconf 87' lang='lat' dir='ltr'><strong>literis</strong></span> <span class='ocrx_word' id='word_1_493' title='bbox 768 5812 826 5878; x_wconf 88' lang='lat' dir='ltr'><strong>per</strong></span> <span class='ocrx_word' id='word_1_494' title='bbox 835 5792 1174 5883; x_wconf 77' lang='lat' dir='ltr'><strong>manusredemptoris</strong></span> <span class='ocrx_word' id='word_1_495' title='bbox 1185 5792 1282 5876; x_wconf 87' lang='lat' dir='ltr'><strong>bajus</strong></span> <span class='ocrx_word' id='word_1_496' title='bbox 1297 5792 1505 5882; x_wconf 84' lang='lat' dir='ltr'><strong>tibritraditis</strong></span> <span class='ocrx_word' id='word_1_497' title='bbox 1517 5814 1617 5877; x_wconf 87' lang='lat' dir='ltr'><strong>quum</strong></span> <span class='ocrx_word' id='word_1_498' title='bbox 1629 5815 1804 5878; x_wconf 84' lang='lat' dir='ltr'><strong>rogassem,</strong></span> <span class='ocrx_word' id='word_1_499' title='bbox 1819 5807 1852 5867; x_wconf 87' lang='lat' dir='ltr'><strong>ut</strong></span> <span class='ocrx_word' id='word_1_500' title='bbox 1868 5792 1942 5863; x_wconf 82' lang='lat' dir='ltr'><strong>milri</strong></span> <span class='ocrx_word' id='word_1_501' title='bbox 1955 5805 2000 5853; x_wconf 72' lang='lat' dir='ltr'><strong>aa</strong></span> 
     </span>
    </p>
   </div>
   <div class='ocr_carea' id='block_1_18' title="bbox 0 0 2099 6625">
    <p class='ocr_par' dir='ltr' id='par_1_23' title="bbox 0 0 2099 6625">
     <span class='ocr_line' id='line_1_52' title="bbox 0 0 2099 6625; baseline 0 0"><span class='ocrx_word' id='word_1_502' title='bbox 0 0 2099 6625; x_wconf 95' lang='lat' dir='ltr'><strong> </strong></span> 
     </span>
    </p>
   </div>
  </div>
 </body>
</html>
