4167 6625
65 389 136 451 seu
508 395 553 454 nn
570 396 740 456 ututnonn
760 397 933 471 nanuum.
949 422 986 439 ψ
1005 384 1105 457 tinnit
1124 403 1284 472 mutunus.
1656 418 1710 476 aa)

65 520 231 579 minuteque
245 506 349 565 inmitto
364 507 506 569 intertrusa
519 513 572 577 sil,
594 513 640 569 sed
660 513 687 567 iu
703 520 781 582 paris
796 525 872 567 ctes-
884 515 909 573 Α
921 522 1035 581 quantae
1044 515 1176 585 paritatis,
1189 528 1304 587 auantiae
1314 520 1476 589 subtilitatis,
1488 535 1601 592 quarrtae
1613 528 1712 597 alariae

66 607 162 653 iturae
192 598 402 664 interimentum·
416 599 445 654 in
468 611 548 672 parto
569 602 784 672 permanebunt,
809 602 873 659 audi
923 602 957 656 sit
968 603 1083 670 qualitas
1094 607 1210 676 corporis
1224 607 1304 673 illius,
1317 610 1340 663 si
1352 613 1572 681 comparationem
1582 615 1713 685 [remmus

65 704 214 760 anagniam
227 687 387 759 origenem,
402 690 637 763 diligentissimum
653 708 745 748 terum
761 693 873 764 inqrtisi-
922 691 980 761 aius
999 694 1034 746 ad
1046 710 1088 759 ea,
1103 712 1170 765 qaae
1183 714 1263 763 nune,
1278 698 1338 753 lieet
1357 700 1479 756 eoelestia
1493 705 1545 758 sint
1558 716 1582 759 et
1599 706 1714 777 splendi-

66 786 183 842 tarem,
196 778 223 832 in
237 779 318 835 tertio
330 778 400 836 libro
412 785 472 857 aspi
482 781 630 856 'taxando
642 784 873 839 consummatione
921 779 1031 835 dissima
1042 798 1165 853 corpora,
1180 787 1334 857 mansoria
1356 796 1443 844 tannen
1466 800 1527 845 sunt
1542 803 1566 846 et
1585 795 1710 850 visibilia.

66 869 175 923 ssrurrrii
188 870 269 934 ,hoo
283 880 325 925 ast
338 871 372 925 de
385 887 490 929 summo
504 873 586 937 bono,
607 874 642 929 ati
657 874 728 944 quod
747 872 872 929 universa
921 870 962 925 lie
982 871 1029 926 illo
1044 873 1065 904 ¹¹
1079 883 1165 928 aulem
1180 874 1278 929 dieitur
1291 876 1384 953 domus
1403 895 1459 934 esse
1473 896 1525 935 non
1548 884 1712 952 manufacta,

63 958 258 1023 ¹rationabilis
274 966 373 1015 natura
389 959 515 1026 festinat,
532 968 564 1016 ut
575 961 647 1033 Deus
660 961 750 1018 omnia
769 961 796 1017 iu
811 977 871 1016 om·
921 958 966 1012 sed
993 969 1099 1014 aeterna
1123 962 1151 1015 lu
1177 962 1267 1018 coelis·
1294 963 1364 1030 Quia
1390 982 1464 1037 elev.
1492 984 1561 1037 auae
1582 970 1712 1035 nideruar,

60 1046 164 1117 ,aribus
186 1029 310 1113 sitssnon
331 1050 403 1103 enirn
424 1049 477 1104 alia
496 1051 692 1105 consummatio
716 1050 808 1105 muudi
830 1058 897 1117 est,
921 1049 1077 1119 temporalia
1096 1058 1169 1116 sunt,
1182 1068 1249 1122 qaae
1273 1063 1359 1108 autem
1383 1072 1434 1109 nan
1459 1058 1589 1124 uidentur,
1607 1068 1715 1114 aeterna

62 1144 195 1205 praeter
209 1136 291 1191 Deum
305 1137 396 1191 omnin
413 1138 439 1191 in
453 1137 579 1193 omnibus
594 1153 654 1194 esse
669 1146 830 1193 tractantem
844 1145 874 1193 et
920 1143 992 1202 sant,
1006 1137 1126 1193 omnibns
1142 1139 1183 1194 liis
1195 1143 1357 1212 corporibus,
1369 1160 1437 1215 qaae
1449 1146 1503 1200 sine
1521 1149 1550 1200 in
1562 1148 1649 1212 terris,
1661 1149 1714 1201 sine

62 1224 220 1278 dicentem
241 1206 260 1277 ¹.
288 1226 363 1290 Quae
383 1226 434 1278 sint
449 1241 510 1295 erpo
523 1227 594 1279 isla·
609 1227 707 1291 omnia,
722 1241 789 1296 auae
801 1225 872 1281 Deae
920 1223 950 1275 iu
969 1222 1049 1277 caelis
1064 1224 1189 1292 uidemus,
1211 1240 1236 1282 et
1256 1245 1324 1300 auae
1338 1231 1420 1285 uideri
1441 1245 1560 1301 possunt,
1581 1246 1604 1289 el
1618 1251 1714 1291 amnu-

62 1312 188 1383 tsnnrns
211 1315 245 1368 stt
263 1314 291 1367 ta
310 1314 442 1389 annitar,
459 1316 633 1387 requiramus.
659 1316 693 1370 ts'r
705 1333 753 1387 epa
766 1316 871 1388 quiden
921 1309 992 1378 lacto
1006 1323 1078 1378 saar,
1092 1313 1127 1385 [et
1142 1327 1248 1372 aeterna
1261 1319 1333 1389 iacto
1355 1319 1428 1393 aar]
1442 1323 1509 1387 ¹·,a
1534 1334 1640 1380 aeterna
1657 1344 1710 1383 aon

61 1399 204 1466 arbitror,
218 1390 284 1471 ania
300 1404 359 1466 ltoa,
372 1403 442 1469 auod
456 1405 484 1457 in
499 1404 620 1458 omnibus
636 1405 725 1459 omnia
739 1421 795 1459 esse
807 1404 868 1458 dici·
920 1408 992 1464 sual,
1007 1409 1089 1453 multa
1103 1401 1178 1473 lanae
1190 1405 1351 1474 praelatione
1364 1409 1497 1478 praecellit
1512 1410 1590 1479 illud,
1604 1417 1674 1485 quod
1685 1430 1711 1473 et

61 1498 109 1542 tar
123 1487 221 1556 Deus,
233 1491 361 1561 sipnipieet
375 1491 454 1545 etiarn
469 1492 496 1545 in
509 1490 620 1562 sinp'ulis
634 1508 693 1546 earn
705 1493 793 1547 omnia
805 1507 870 1547 esre.
920 1485 1020 1541 risibile
1041 1503 1094 1542 non
1108 1499 1156 1556 est,
1172 1508 1218 1546 nea
1231 1493 1411 1564 manufactum
1434 1508 1481 1564 est,
1508 1502 1553 1555 sed
1578 1512 1712 1560 aeternam

60 1574 120 1632 Per
133 1578 267 1648 simpulos
286 1589 374 1634 autem
393 1582 482 1635 omnia
500 1582 547 1635 eril
565 1582 613 1635 ltoe
632 1570 721 1646 inodo,
740 1589 779 1645 ut,
798 1580 871 1650 quic·
920 1583 969 1630 esi.
982 1572 1087 1648 Eaaua
1102 1581 1297 1648 comparatione
1311 1584 1406 1652 conjici
1425 1598 1519 1656 potest,
1533 1603 1647 1660 quantus
1666 1601 1712 1649 de·

57 1666 128 1738 qnid
140 1666 319 1721 rationabilis
330 1684 412 1733 mens,
421 1678 564 1740 reparante
575 1668 645 1724 omni
656 1668 777 1724 uitiorum
788 1667 870 1738 faece,
921 1678 974 1727 ⁶⁰1,
990 1676 1103 1736 quarunt
1115 1666 1248 1736 splendor.
1269 1682 1434 1744 intulissetis
1447 1674 1535 1746 fuluos
1548 1681 1580 1734 sil
1595 1685 1712 1752 eorporis

60 1773 145 1828 arque
165 1759 249 1813 assiri
264 1756 368 1825 penitus
383 1757 500 1815 abstersa
518 1760 585 1815 nube
602 1760 736 1827 malitiae,
755 1760 795 1814 ael
812 1774 871 1814 sen·
921 1752 1082 1822 spiritualim
1107 1764 1132 1809 ll
1156 1772 1243 1811 ”illm
1268 1776 1324 1814 0⁸⁸²
1347 1761 1414 1817 illud
1437 1768 1506 1835 illoti
1530 1768 1627 1825 dietum
1647 1785 1711 1829 est:

61 1848 114 1900 tire
136 1843 181 1900 ael
202 1846 352 1919 intelliaere
375 1849 414 1905 nel
436 1851 551 1920 copitare
573 1860 665 1919 potest,
692 1852 780 1906 omnia
802 1849 871 1903 lieris
888 1843 909 1903 ll
924 1840 994 1907 0⁸5⁰
1016 1842 1166 1900 mlbllwb
1177 1846 1200 1879 ¹⁸
1211 1847 1284 1913 villi,
1296 1866 1342 1904 ¹¹⁶⁶
1359 1854 1432 1908 ‘lulli
1443 1855 1555 1923 andilli,
1567 1875 1613 1914 ’¹2⁶
1624 1861 1651 1915 ὑί
1664 1879 1711 1916 ⁶0¹

61 1939 115 2005 sit,
137 1954 190 1992 nec
212 1937 286 1993 ultra
304 1938 365 2008 p'ant
385 1938 487 2010 aliquid
505 1940 579 1996 aliud
598 1939 649 1995 nisi
667 1941 751 1996 Deum
769 1940 866 2007 rideat,
916 1933 1029 1989 libibinis
1044 1935 1067 1967 ¹⁸
1080 1938 1208 2004 “bilbilis
1222 1956 1290 2010 ΜΘ
1301 1947 1466 2015 presbiterii
1487 1947 1558 2005 Deus
1576 1953 1617 2007 liis
1630 1955 1651 1987 ¹⁵
1664 1958 1711 2025 aui

62 2026 153 2083 Deam
174 2038 280 2095 teneat,
303 2031 387 2085 omnir
402 2039 488 2086 matus
506 2032 547 2084 sui
560 2030 630 2086 lleus
644 2031 737 2086 modus
754 2039 778 2085 el
793 2046 866 2084 nten-
916 2024 1028 2096 dilipanl
1046 2042 1117 2082 eum.
1137 2026 1200 2083 ΝΜ
1227 2041 1313 2086 “mm
1336 2031 1359 2065 ¹⁶
1378 2034 1552 2092 dllllssb‘ltlm
1566 2052 1615 2108 0⁵⁸·
1629 2055 1709 2098 natu·

35 2092 39 2103 ι
63 2135 130 2172 sara
143 2119 200 2183 sit,·
218 2128 245 2172 el
260 2119 297 2173 ita
310 2119 359 2172 erit
374 2120 462 2173 omnia
475 2119 556 2173 Deus.
574 2118 635 2175 Noa
647 2122 716 2174 enim
727 2119 785 2189 p'arn
799 2120 868 2175 altra
918 2129 973 2169 tatu
988 2118 1105 2187 corporis
1129 2117 1210 2189 liujus
1228 2122 1311 2175 nostri
1332 2121 1464 2179 uoluntate
1484 2127 1542 2194 Dei,
1563 2133 1608 2200 aui
1629 2132 1710 2190 talem

63 2204 130 2261 ntali
144 2207 266 2277 boraique
279 2204 412 2275 diseretio,
427 2206 489 2277 quio
504 2224 631 2276 namnam
646 2210 755 2263 malam.
771 2206 867 2264 Ontonia
915 2199 977 2271 [llll
987 2217 1056 2268 eam,
1077 2220 1159 2276 bilis
1171 2207 1206 2260 sd
1219 2205 1291 2262 illam
1304 2208 1457 2279 buslilslem
1472 2212 1494 2245 ¹¹
1509 2216 1673 2274 subtilissimi
1684 2234 1709 2276 et

64 2296 135 2351 enim
152 2296 177 2351 ei
193 2294 272 2351 Deus
286 2306 334 2363 est,
353 2298 397 2352 cai
413 2296 474 2368 p'nrn
494 2315 546 2352 non
560 2297 664 2369 adjacet
680 2298 799 2363 malum3
821 2315 867 2353 nee
916 2294 1053 2364 purissimi
1067 2312 1098 2351 aa
1116 2297 1320 2369 splendidissimi
1334 2305 1450 2374 eorporis
1463 2321 1540 2375 posse
1553 2326 1570 2363 a
1585 2307 1710 2368 Creators

64 2386 138 2440 ultra
152 2402 189 2440 eu
203 2386 304 2441 arbore
320 2368 419 2442 sciendi
439 2385 534 2442 bonum
555 2397 580 2443 et
599 2389 697 2443 ntalem
717 2388 792 2444 edere
805 2401 874 2443 eon-¹
915 2384 1033 2452 prodici,
1057 2398 1135 2456 prout
1162 2404 1249 2442 telem
1271 2401 1355 2447 illilus
1379 2396 1516 2464 meaverit,
1536 2408 1560 2453 el
1586 2402 1710 2459 meritam

65 2476 198 2547 cupam,
210 2472 282 2548 qut·
294 2493 394 2547 „mppr
413 2479 441 2532 a„
455 2477 522 2533 pono
534 2487 584 2544 m,
596 2488 621 2533 ,p
636 2479 680 2534 m·
693 2479 782 2534 omnia
796 2477 866 2533 Dens
916 2473 1080 2547 rationabilis
1103 2485 1213 2532 naturae
1232 2483 1386 2551 poposcerit.
1405 2484 1524 2557 Derriqae
1544 2506 1603 2545 eam
1624 2494 1710 2548 barie-

64 2576 116 2620 est.
136 2565 168 2622 Si
190 2583 256 2637 erpo
267 2566 279 2599 ⁸
292 2566 353 2637 linis
367 2568 402 2622 ad
415 2569 571 2640 prtrtrtptan
583 2579 731 2640 reparatas,
741 2578 766 2625 et
779 2586 865 2624 reram
915 2560 968 2620 late
979 2575 1003 2621 et
1016 2565 1167 2624 diuersitate
1178 2571 1289 2625 mundus
1303 2573 1426 2645 indipuil,
1437 2593 1483 2647 per
1492 2578 1608 2637 diuersas
1620 2598 1709 2638 rerum

64 2654 156 2710 huus
175 2657 291 2712 collatus
306 2656 405 2723 initiis,
423 2659 541 2715 restituet
559 2659 634 2715 illurn
651 2670 766 2727 statum,
789 2676 865 2732 prtem
915 2654 996 2724 [sifts
1009 2659 1156 2729 visilabit
1177 2664 1248 2717 mill
1263 2662 1395 2731 [amulam
1415 2669 1535 2738 Prsssllll'l
1554 2689 1583 2728 *θ
1596 2677 1710 2731 miletis

64 2755 132 2798 tuna
143 2744 242 2799 babuit
255 2755 351 2800 natura
368 2745 544 2815 rationabilis,
557 2764 617 2802 curn
633 2748 666 2804 de
683 2748 754 2821 lipna
765 2748 865 2805 sciendi
914 2745 1055 2807 cotilllsri.
1074 2758 1163 2818 ulae-e
1176 2749 1289 2806 llontitto
1302 2765 1327 2808 et
1346 2753 1466 2812 Creatori
1482 2777 1543 2827 sao,
1553 2780 1606 2834 aaa
1619 2764 1708 2820 direr-

66 2833 164 2888 bonum
180 2844 206 2889 el
221 2835 326 2889 malam
346 2836 358 2870 ⁸
372 2836 449 2892 edere
463 2853 514 2891 uon
529 2837 628 2909 epebal,
648 2848 676 2893 at
693 2851 780 2895 annoto
793 2844 864 2897 amara·
913 2851 957 2889 sas
970 2835 1122 2892 caelestium
1142 2851 1356 2917 terrenarumque
1369 2846 1414 2919 [de
1431 2850 1598 2920 simplicitate
1609 2864 1634 2909 et
1647 2858 1708 2910 uni·

71 2922 191 2979 mattam
206 2941 302 2991 uma,
320 2937 345 2979 m
367 2925 402 2980 aa
418 2926 576 2983 sincerum·
592 2944 737 3001 parumque
751 2929 861 2999 asiana,
914 2934 967 2979 tale
980 2942 1120 2997 corporum
1143 2942 1201 3000 pasl
1224 2936 1450 3009 resurrectionem]
1465 2940 1487 2979 ¹⁸
1505 2957 1538 2996 ea
1557 2959 1589 2996 ea
1600 2943 1707 3001 duceres

70 3012 154 3077 solas,
172 3016 222 3082 ani
237 3018 370 3080 estuans,
386 3015 457 3071 Deus
472 3015 554 3071 bonus
571 3018 614 3072 trie
626 3019 650 3073 ei
661 3018 708 3089 piat
722 3020 821 3086 omnia,
838 3030 863 3076 et
913 3013 1022 3081 immm-
1038 3015 1104 3070 Cum
1123 3034 1183 3073 ”⁶1⁰
1196 3034 1237 3075 Μ
1247 3021 1283 3075 bd
1298 3021 1365 3077 illud
1381 3029 1511 3097 Wlfflin!
1524 3029 1660 3100 lullum,
1677 3045 1707 3089 Ν

70 3118 121 3156 non
135 3105 163 3157 in
177 3106 276 3173 pausis
290 3102 420 3175 aliosalios
433 3103 473 3159 ael
485 3104 613 3174 pluribus,
627 3107 673 3161 sed
692 3117 719 3160 ut
738 3108 765 3163 ira
778 3109 862 3163 amai.
913 3101 964 3157 sint
981 3120 1069 3159 omnes
1082 3122 1180 3172 unum,
1202 3109 1270 3164 sicul
1291 3121 1328 3167 est
1342 3110 1425 3169 Pater
1441 3132 1500 3171 eant
1519 3116 1592 3175 Filio
1611 3138 1705 3190 anans,

70 3190 116 3244 bus
138 3191 194 3263 ipse
218 3192 254 3245 sit
278 3192 384 3254 omnia,
407 3209 468 3247 eant
488 3209 616 3265 nusquam
636 3209 717 3261 ntars,
732 3211 859 3267 numnam
874 3172 896 3235 (Ῐ
911 3204 1095 3267 consequemur
1108 3196 1218 3270 intellipi
1240 3199 1331 3267 datter,
1347 3205 1429 3274 quod,
1449 3206 1494 3260 abi
1509 3223 1598 3264 omnes
1621 3228 1704 3267 anam

70 3283 178 3338 aculeus
196 3282 301 3348 arantis,
319 3298 448 3353 nusquam
462 3284 568 3338 omnino
584 3284 685 3340 malam
698 3286 709 3339 ζ’
723 3296 784 3341 tune
803 3302 860 3343 nere
909 3298 982 3358 saut,
1002 3289 1063 3359 jam
1089 3288 1229 3348 diuersitas
1252 3309 1304 3349 non
1326 3305 1385 3349 errt.
1411 3295 1566 3368 Propterea,
1595 3317 1707 3373 nonique

69 3367 141 3424 lleas
159 3369 252 3424 omnia
265 3370 293 3424 in
309 3370 427 3425 omnibus
442 3371 501 3426 erit.
525 3370 621 3427 lerant
633 3375 711 3428 istam
725 3374 860 3445 perlectio-
909 3377 989 3433 stiam
1010 3379 1031 3411 ¹⁹
1046 3380 1200 3437 norissimus
1217 3384 1340 3439 inimicas
1354 3385 1486 3453 diabolas,
1503 3390 1548 3459 pai
1563 3407 1633 3447 ntars
1655 3412 1704 3463 ap·

71 3473 133 3510 nem
159 3473 191 3511 ae
216 3458 399 3515 beatitudinem
422 3459 620 3516 rationabilium
643 3471 799 3518 naturarum
822 3466 860 3521 ita
909 3463 1034 3535 peliniani,
1061 3466 1161 3522 destrui
1183 3469 1290 3536 dieitur,
1316 3482 1345 3526 at
1367 3489 1449 3546 neam
1472 3476 1544 3532 ultra
1574 3481 1648 3536 triste
1671 3484 1706 3537 sil

71 3546 178 3599 dentum
202 3546 314 3618 auidam
335 3564 487 3618 permanere
511 3550 538 3604 in
561 3566 593 3606 eo
615 3560 697 3617 statu,
712 3568 764 3624 quo
779 3569 861 3623 snpra
910 3549 1020 3624 olianta,
1037 3554 1081 3608 ubi
1094 3571 1164 3611 mors
1176 3573 1228 3612 non
1238 3567 1288 3625 est,
1300 3577 1383 3632 neque
1394 3562 1525 3620 diuersum
1536 3566 1581 3632 sil,
1594 3568 1638 3622 abi
1651 3586 1704 3626 non

72 3635 199 3700 diximus,
212 3645 323 3705 putant,
344 3637 373 3693 id
394 3647 448 3706 eal,
467 3649 497 3694 ut
519 3638 603 3694 litam
622 3642 711 3697 omnia
730 3642 858 3708 babeant,
909 3651 947 3697 est
973 3644 1105 3700 inimicus.
1125 3646 1232 3702 Destrui
1255 3666 1319 3706 sane
1342 3653 1497 3710 norissimus
1519 3657 1641 3715 inimicas
1666 3664 1705 3717 ita

73 3733 96 3777 et
119 3723 191 3779 Deus
210 3726 249 3780 eis
271 3726 305 3780 sit
325 3727 433 3794 omnia,
462 3728 486 3783 si
512 3728 660 3794 nullatenus
681 3746 727 3786 eas
749 3734 859 3788 societas
909 3735 1154 3808 intellipendasesl,
1171 3758 1224 3798 non
1246 3752 1275 3796 ul
1290 3744 1439 3801 substantia
1452 3748 1522 3817 ejas,
1540 3753 1704 3819 auaeallee

74 3824 182 3870 naturae
213 3816 394 3886 corporalis⁷
423 3827 539 3874 antoneat
566 3827 587 3876 ⁸.
622 3818 745 3892 Alioquin
781 3823 860 3877 aesti-
910 3826 980 3897 saeta
1000 3838 1048 3894 est,
1070 3841 1176 3900 pereat,
1189 3833 1235 3887 sed
1248 3837 1450 3904 atproposilum
1464 3847 1488 3892 el
1511 3838 1630 3896 uoluntas
1652 3844 1704 3898 ini·

75 3914 162 3966 mant,
192 3902 307 3974 pluriam
334 3920 451 3960 summae
474 3905 643 3963 beatitudinis
667 3909 860 3981 impediri„si
907 3919 996 3985 mira,
1023 3936 1091 3990 auae
1120 3938 1173 3976 non
1198 3941 1215 3976 a
1238 3923 1313 3988 Deo,
1340 3927 1386 3979 sed
1417 3927 1451 3980 ab
1476 3929 1533 3998 ipso
1555 3935 1700 4001 processit,

75 3993 215 4050 materialis
234 3994 400 4051 substantiae
412 3995 583 4052 interseratur
594 3997 732 4053 admixtio.
754 3999 794 4054 lie
806 4016 859 4071 qua
908 4008 1027 4064 littereas.
1056 4008 1211 4065 Destruetar
1235 4026 1296 4082 erpo
1320 4028 1373 4068 non
1400 4025 1429 4069 ut
1448 4032 1501 4073 non
1522 4020 1574 4086 tit,
1598 4022 1645 4077 sed
1670 4036 1700 4080 at

77 4098 103 4136 a
123 4082 223 4152 ptentm
245 4101 264 4139 a
288 4084 372 4148 nobis.
396 4099 464 4154 auos
482 4085 510 4140 tn
528 4085 705 4155 repertarum
724 4103 859 4142 acarna
907 4098 1029 4152 trustem
1050 4108 1074 4152 er
1095 4113 1166 4153 marr
1192 4115 1245 4155 aaa
1269 4102 1314 4155 stt.
1335 4101 1411 4158 utrm
1435 4106 1503 4161 earn
1529 4111 1702 4181 omnipoteni

75 4181 228 4240 potnerunt,
265 4183 426 4244 pertractata
451 4184 528 4246 mnae
554 4176 654 4246 diarria
682 4187 754 4233 sant.
779 4176 859 4233 lituu
907 4185 1065 4256 impossibile
1084 4199 1135 4252 est,
1165 4203 1211 4243 nee
1244 4189 1392 4247 insanabile
1418 4203 1456 4248 est
1482 4196 1584 4267 aliquid
1605 4199 1702 4268 [actori

76 4276 144 4326 nero,
171 4264 298 4331 quosdam
320 4263 466 4335 apostolum
492 4263 607 4321 Paulum
629 4269 784 4323 mentionem
806 4270 859 4339 spi·
907 4289 966 4329 suo.
982 4274 1124 4345 Propterea
1141 4275 1209 4332 enirn
1221 4276 1391 4347 feeitomnia,
1405 4292 1530 4341 atessent
1544 4298 1620 4353 elea,
1635 4307 1703 4361 aues

78 4350 174 4405 ritrralis
195 4352 315 4424 eorporis
336 4353 429 4421 iecisse
453 4355 617 4420 insanimus,
645 4357 758 4425 qualiter
779 4358 857 4411 etiam
909 4364 1064 4434 factasunt,
1077 4375 1215 4432 utemenl,
1228 4385 1341 4426 neeesse
1355 4389 1406 4427 non
1416 4386 1520 4444 possem
1534 4378 1568 4431 ¹⁰.
1588 4376 1702 4450 Propter

79 4439 134 4494 inde
157 4443 248 4497 sentiri
274 4442 366 4497 debeat
395 4443 428 4498 de
454 4445 522 4510 boe,
551 4446 752 4511 tantammodo,
780 4456 856 4515 prout
898 4455 978 4525 ‹quod
998 4455 1208 4511 immutationem
1220 4457 1327 4528 quidem
1347 4464 1549 4536 satietatemque
1565 4469 1700 4537 recipient,

79 4543 219 4597 ammittas,
232 4531 406 4604 requiramus.
434 4532 567 4599 Quoniam
586 4551 647 4606 erpo
667 4545 858 4592 mususnmter
908 4545 992 4600 itaut
1016 4560 1064 4614 pro
1088 4546 1188 4601 meritis
1204 4547 1243 4602 nel
1264 4550 1292 4601 in
1314 4548 1430 4619 meliore,
1454 4553 1495 4608 sel
1517 4557 1545 4609 in
1571 4557 1702 4615 deteriore

81 4613 279 4690 rapere'potest,
308 4621 460 4692 qualitatem
481 4623 627 4693 spiritmlis
644 4629 760 4696 eorporis
777 4627 856 4681 talant
903 4633 1053 4694 ,habeantur
1078 4645 1149 4690 statu
1161 4653 1172 4703 ,·
1205 4637 1402 4694 substantialem
1419 4657 1476 4698 aera
1492 4645 1625 4700 interitum
1655 4665 1700 4726 ea,

81 4708 204 4774 martam
220 4728 275 4766 esse
296 4714 432 4780 sentimas,
455 4713 483 4768 in
503 4730 554 4785 qno
575 4716 720 4772 inbabitare
736 4724 749 4757 0
766 4719 855 4774 deceat
906 4742 973 4799 puae
992 4743 1009 4781 a
1026 4725 1127 4782 Deoad
1141 4729 1190 4783 bae
1210 4728 1282 4799 iacta
1295 4741 1366 4797 sunt,
1380 4743 1407 4787 ut
1422 4747 1505 4791 essent
1527 4748 1552 4793 et
1565 4756 1701 4810 permane·

82 4808 128 4847 uon
147 4796 232 4852 solum
251 4810 354 4855 sanetas
374 4817 490 4872 masque
506 4802 684 4876 perfectasque
703 4806 725 4838 ¹⁸
742 4808 855 4873 animas,
908 4825 974 4879 rent,
988 4814 1101 4884 recipere
1123 4832 1176 4871 non
1195 4830 1313 4887 merant.
1329 4820 1435 4892 imaeue,
1453 4826 1526 4895 quod
1538 4827 1700 4887 Ambrositrs

82 4897 164 4939 mmm
182 4889 260 4941 etiam
271 4905 371 4944 omnent
388 4890 462 4944 illam
482 4902 639 4958 resolutam,
654 4910 721 4965 asse
734 4892 857 4951 liberuli-
908 4904 935 4960 in
949 4904 1075 4974 arnbiguo
1089 4904 1243 4976 reliquerat,
1258 4907 1390 4980 Origortes
1406 4912 1533 4972 declarat.
1546 4915 1614 4973 Nam
1625 4924 1698 4991 qrrori

84 4981 124 5023 trtr
141 4993 156 5027 a
178 4980 296 5034 seruitute
315 4981 496 5050 corruptionis.
525 4981 563 5038 De
585 5001 636 5054 aaa
648 5001 754 5056 corpore
779 4989 857 5042 etiam
909 4993 953 5051 illo
966 4995 1003 5050 tit
1020 4995 1260 5070 :Doaennur,quod
1272 5018 1324 5056 nort
1339 5021 1439 5074 semper
1457 5008 1595 5067 daemonia
1611 5030 1700 5068 mane·

85 5057 148 5114 illud
166 5065 298 5133 apostolas
319 5069 386 5124 dinis
398 5083 407 5121 .·
421 5069 534 5124 Deorum
553 5071 688 5133 babemus,
700 5091 753 5129 non
767 5093 859 5131 rtranu·
908 5085 983 5148 bunt,
998 5100 1029 5138 ne
1045 5084 1147 5140 malitia
1161 5102 1251 5141 aarum
1269 5092 1350 5158 possit
1362 5108 1419 5147 esse
1437 5109 1574 5166 perpetua,
1587 5099 1697 5156 dubium

86 5146 190 5215 (armatu,
199 5167 325 5212 baernam
351 5160 380 5218 in
401 5159 489 5224 caelis,
501 5160 528 5214 id
551 5172 589 5215 est
606 5163 785 5219 mansionibus
799 5168 859 5221 bea·
907 5182 961 5237 est,
977 5174 1040 5243 quid
1054 5173 1129 5240 uelit,
1142 5184 1231 5233 trtrrtm
1245 5177 1396 5235 substantia
1408 5184 1569 5241 daerttonum
1582 5187 1698 5248 simulet

85 5243 176 5291 tornati.
192 5240 231 5296 Ee
250 5246 298 5300 baa
322 5262 382 5315 erpo
396 5249 572 5317 eorrp'eeturarn
594 5266 686 5317 capere
709 5272 856 5330 postremus,
908 5280 1001 5320 mirum
1024 5266 1144 5323 utaliliae
1164 5270 1301 5337 periturae
1320 5273 1385 5336 siut,
1404 5289 1438 5327 art
1454 5275 1621 5332 solummodo
1638 5293 1698 5333 nta-

704 5346 831 5409 vttttttt
848 5353 1049 5413 LECTIONES.

88 5421 568 5516 ‘firaatamemeldieentemomm
606 5432 917 5508 ’torpmtnqotntmm
956 5442 1116 5504 ‘siccut
1164 5447 1201 5501 ia.
1238 5448 1383 5519 ‘Alpium
1421 5461 1469 5506 tet
1480 5413 1647 5510 malamort.
1661 5464 1695 5513 tr.

90 5488 498 5586 ⁸‘lffiatlrneertampartumque.
545 5499 688 5567 'steen
708 5507 882 5577 licorporali.
918 5508 1030 5577 ‘Gonia
1045 5510 1090 5565 tit*
1141 5526 1258 5582 nioman
1273 5517 1455 5600 calamonem.
1503 5524 1697 5582 sanatum.

91 5557 283 5652 ¹‘interiectae
334 5571 355 5601 ¹¹
375 5567 603 5633 stcomtlte.
652 5570 1097 5648 ¹¹etaeternalaataanntornmi.
1146 5581 1276 5639 ¹⁸tinec.
1314 5585 1527 5644 ¹‘libaminum
1565 5594 1587 5634 ¹⁸
1605 5593 1628 5647 Α
1647 5597 1695 5650 eis.

124 5626 231 5684 Aenum.
269 5637 291 5671 ¹¹
307 5639 459 5708 qualitatem
475 5651 529 5692 otu.
545 5639 578 5692 Α.
615 5640 637 5671 ¹⁸
654 5641 687 5695 de
698 5644 864 5713 simplicitate
881 5660 905 5704 et
921 5650 1020 5703 unitate
1034 5666 1172 5719 corporum
1188 5656 1402 5710 resrrrreclionenr
1416 5673 1473 5713 ont.
1488 5657 1541 5714 CF.
1585 5661 1695 5720 ¹’etiarn

87 5704 136 5748 out.
149 5695 180 5751 tt.
215 5702 238 5734 ¹³
256 5702 304 5762 Sic
315 5707 374 5774 CF,
388 5706 410 5760 Α
425 5716 567 5777 propteroa
582 5722 607 5764 e.
622 5706 642 5763 l.
666 5725 692 5766 o.
710 5727 835 5772 messem
857 5720 915 5774 ideo
931 5735 982 5774 tran
1005 5734 1060 5774 esse
1080 5735 1131 5774 non
1143 5734 1263 5794 possiunt.

194 5790 333 5857 utram.
357 5797 474 5859 cxxu
812 5875 840 5881 ¹,
918 5878 955 5890 «-
1419 5819 1458 5878 3⁰
