4167 6625
114 450 176 508 585
668 452 769 509 LIBER
788 452 832 508 DE
849 446 1203 509 PRAEDESTleTIONE.
1695 448 1748 506 386

116 580 205 636 quam
223 577 282 621 csse
302 562 329 619 in
349 578 383 619 εε
395 563 461 631 rita,
477 567 521 621 nbi
543 581 595 624 non
615 571 700 639 possit
718 570 767 625 tibi
785 569 904 632 etenira,
920 573 945 630 Α
959 567 1046 621 ιειίεε
1057 564 1248 620 secondendae
1258 563 1549 623 substantiascondidit
1558 565 1678 622 bonitate
1686 580 1746 631 sua,

117 656 195 726 qued
207 670 259 710 nen
272 655 323 709 uis.
340 654 548 725 sedquoniam,
562 673 615 713 non
630 659 699 715 sierrt
715 669 811 729 sponte
826 659 908 714 bomo
959 654 1056 709 deinde
1071 653 1274 722 unicniquepro
1286 652 1412 722 gradibus
1428 654 1484 709 suis
1496 655 1566 710 dona
1581 655 1646 711 dare
1656 654 1747 725 dispo·

64 785 67 794 ,
117 742 234 805 cecidit,
249 745 286 796 lta
298 743 382 797 etiam
397 753 493 813 sponte
509 760 619 816 surgere
633 755 737 816 potest,
754 756 907 816 porrectam
958 742 1013 798 suit
1027 741 1152 811 largitate
1161 741 1301 795 sua.lrtter
1311 739 1512 824 quasttiaeddiuet
1524 741 1689 797 substantias
1699 757 1748 797 na·

115 836 198 890 nobis
211 833 328 904 desuper
343 833 481 890 dexteram
497 831 559 902 liei,
577 836 603 890 id
622 846 678 904 εει,
698 838 841 893 bominum
861 852 909 892 no·
959 841 1047 888 turam
1068 832 1184 887 bominis
1203 832 1230 885 in
1249 830 1386 886 uoluntate
1403 831 1578 887 rationabili¹
1596 833 1746 890 substituit.

114 934 203 980 stratur
216 924 309 981 lesum
321 925 459 980 Christum
479 925 556 980 firma
574 900 801 992 ffimneamus,
820 938 847 981 et
861 942 908 998 er·
958 923 1015 978 Non
1028 923 1174 1009 culmini—en
1185 924 1265 977 bomo
1278 922 1401 978 voluntas
1412 931 1463 987 εει,
1479 922 1540 992 quia
1552 925 1676 980 noluntas
1692 935 1748 992 εει,

114 1022 273 1085 spectemus
292 1023 368 1069 certa
391 1027 456 1083 spe,
478 1022 506 1069 ει
525 1015 638 1071 caritate
651 1016 756 1072 ardenti
773 1016 909 1072 desidere·
958 995 1747 1091 aedqularaunnatisvnluuusestdutld'qi'qmqqernuum·

114 1119 178 1161 ntus
192 1116 208 1145 ⁸
222 1122 249 1159 t.
958 1100 1010 1157 lem
1022 1101 1195 1164 adnotatam,
1207 1115 1261 1156 non
1271 1100 1324 1156 erit
1335 1101 1426 1156 bomo.
1439 1099 1515 1166 Quod
1531 1109 1689 1154 tamennon
1703 1114 1746 1155 rc-

376 1193 574 1252 CAPlTUlllll
595 1195 660 1251 viil.
957 1188 1058 1254 currit,
1072 1197 1115 1251 ut,
1130 1188 1154 1244 si
1168 1187 1246 1242 tollas
1258 1187 1412 1253 bominem,
1425 1201 1478 1242 non
1491 1187 1527 1241 sit
1542 1187 1683 1243 rationalis
1697 1202 1745 1243 uu·

115 1282 155 1340 ua
168 1262 322 1355 differentias
334 1283 536 1340 internanarum
552 1288 664 1343 bominis
682 1297 707 1342 ει
723 1287 832 1343 liberum
850 1289 908 1359 ejus
958 1277 1057 1342 lunias,
1072 1293 1143 1346 quae
1155 1292 1208 1332 ¹¹⁰⁰
1223 1278 1251 1334 i¹¹
1264 1278 1374 1334 ll⁰ffli¹¹0
1385 1285 1500 1342 linium»
1517 1279 1706 1349 immilem
1718 1279 1748 1334 in

440 1356 589 1411 arbitrium.
958 1368 1064 1437 angelo,
1078 1377 1159 1439 atque
1174 1368 1233 1438 ipsu
1247 1368 1303 1425 beo
1315 1368 1498 1438 cognoscitur.
1511 1368 1580 1423 ilinc
1593 1369 1747 1424 raecessarlo

149 1460 172 1515 l.
191 1459 252 1516 lam
273 1476 345 1517 nune
360 1461 490 1532 pulsanda
503 1473 547 1520 est
563 1464 653 1520 divim
667 1466 862 1534 misericordia,
879 1475 910 1521 ut
957 1457 1184 1512 considerandum
1196 1457 1217 1523 ⁸,
1230 1457 1294 1525 quid
1319 1460 1369 1512 ista
1383 1457 1498 1511 bumana
1513 1445 1637 1514 (offintas
1650 1458 1747 1513 lrabeat

113 1557 196 1612 mnis
212 1556 321 1626 aueum
336 1557 464 1628 utuntur
477 1556 644 1613 tuutueuas
657 1560 822 1629 quaestionis
838 1560 907 1614 urm·
957 1563 992 1603 ex
1006 1557 1120 1614 auara,
1141 1548 1206 1617 qum
1220 1563 1254 1603 ει
1277 1547 1358 1604 uuuu.
1383 1548 1436 1604 Sed
1453 1551 1476 1604 si
1499 1549 1558 1605 tuuu
1573 1549 1673 1605 clarius
1687 1561 1746 1616 esu,

113 1645 257 1703 cubatum
275 1645 367 1715 tanqu
389 1660 506 1716 namque
528 1657 660 1702 remotum
674 1659 733 1716 est,
751 1656 780 1704 ct
800 1649 827 1704 iu
846 1664 909 1719 pru-
957 1637 1118 1694 naturaliter
1136 1653 1196 1693 eam
1217 1637 1326 1704 babere,
1348 1638 1421 1709 quod
1439 1639 1476 1695 ait
1492 1638 1677 1695 substantialis
1700 1653 1747 1694 to·

113 1735 217 1792 laedae
239 1735 433 1804 iutnltqenttun
457 1743 562 1791 secrete
581 1736 642 1792 sinu
664 1738 827 1808 repositum,
843 1740 908 1810 quid
959 1727 1058 1795 luntas,
1076 1737 1161 1783 restat
1174 1729 1279 1798 quaeri,
1290 1727 1361 1784 unde
1375 1728 1412 1785 sit
1423 1729 1449 1784 ei
1465 1728 1584 1784 libertas.
1601 1728 1659 1784 Non
1674 1729 1747 1786 enim

114 1825 198 1881 distet
218 1823 293 1880 inter
316 1823 429 1880 liberam
451 1823 768 1894 immurmurantem,
791 1844 908 1897 quaem
958 1820 1081 1875 absolute
1101 1820 1200 1875 dieitur
1225 1820 1360 1883 noluntas,
1385 1820 1432 1876 scd
1456 1821 1541 1875 libera
1562 1821 1694 1876 vmtrntas.
1718 1819 1748 1876 st

114 1924 216 1970 natura
231 1923 286 1978 est,
299 1921 328 1969 et
342 1910 457 1968 liberum
470 1911 528 1982 ejus
543 1914 700 1980 arbitrium,
715 1917 787 1986 quud
813 1919 906 1988 procui
922 1913 1023 1982 Berpo
1044 1919 1148 1966 tantum
1167 1926 1201 1966 ex
1216 1909 1430 1967 substitutione'
1445 1926 1495 1966 sua
1526 1912 1640 1974 babeat,
1662 1923 1692 1968 nt
1709 1895 1756 1967 {if

115 2003 197 2058 dubio
215 2004 317 2059 danum
332 2002 470 2059 Crmturis
487 2017 548 2059 urse
568 2005 740 2062 manifestum
756 2009 776 2063 ¹,
804 2008 908 2066 sanctu
949 1995 1092 2064 minutas,
1115 2014 1169 2053 nou
1191 2009 1282 2054 autem
1301 1998 1402 2066 libera;
1422 2000 1593 2070 relinquitur,
1617 2001 1640 2055 si
1662 2000 1748 2056 libera

113 2093 249 2182 Qun
273 2092 426 2164 Augustino
459 2095 630 2152 multoties³
657 2099 735 2154 nubis
758 2100 908 2158 incuicqnqe
956 2096 1009 2152 est,
1030 2087 1103 2156 quod
1124 2103 1224 2160 negare
1244 2089 1402 2152 absurdum,
1424 2090 1495 2144 dono
1514 2090 1555 2143 sui
1575 2089 1711 2145 Crantoris
1722 2092 1749 2146 ci

113 2185 287 2262 apertissime
297 2185 444 2251 eredimus,
459 2185 598 2244 interioris
610 2190 727 2246 lruminis
740 2191 907 2248 substantia.
957 2178 1083 2233 donatam
1097 2192 1158 2233 esse
1171 2178 1333 2232 libertatem.
1352 2179 1386 2233 Ει
1399 2179 1451 2232 erit
1464 2178 1526 2233 talis
1539 2178 1689 2234 differentia
1704 2181 1748 2234 in·

114 2265 341 2328 iem‘l'riffitatem
363 2274 392 2328 in
414 2274 457 2329 bis
481 2275 577 2341 tribus,
597 2277 714 2333 essentia
732 2279 865 2347 uidelicet,
880 2289 909 2337 qt
958 2275 1000 2324 ter
1019 2276 1144 2323 naturam
1166 2275 1194 2324 ει
1214 2268 1330 2323 liberunt
1350 2268 1509 2334 arbitrium,
1529 2283 1562 2324 ac
1578 2269 1602 2323 si
1629 2269 1747 2328 bumana

113 2360 272 2428 voluntate,
293 2372 322 2416 ει
337 2362 451 2416 scientia
472 2363 605 2420 contineri
619 2365 644 2419 b.
665 2363 694 2419 st
712 2367 784 2422 eninr
804 2383 909 2425 summa
957 2358 1746 2484 V⁰¹¹¹¹¹l³⁸¹19239¹dl1¹SfflssubtliluliOssflassueQ
1785 2369 1812 2410 ¹*

114 2449 491 2519 sapientia,quacbumanam
502 2457 625 2505 naturam
636 2453 677 2508 sui
689 2453 804 2511 similem
815 2471 909 2514 creare
958 2455 1103 2549 Q
1113 2463 1143 2510 ut
1157 2456 1241 2511 libera
1254 2455 1300 2511 sit.

114 2538 213 2601 uoluit,
229 2538 256 2593 in
270 2552 300 2593 εε
314 2539 373 2609 ipsa
386 2553 441 2593 una
455 2538 580 2608 trinaque
590 2548 643 2607 est,
659 2542 759 2628 merito
773 2544 908 2603 bominem
994 2542 1038 2597 iv.
1057 2544 1154 2599 Adituc
1177 2559 1232 2600 nnn
1255 2553 1298 2600 est
1318 2544 1441 2615 quaestio
1463 2545 1604 2617 proposita¹
1615 2554 1746 2602 reserata.

113 2630 157 2685 sic
170 2630 249 2694 lacit,
261 2630 404 2685 oesentiam
418 2630 552 2700 prolecto,
568 2618 746 2700 voluntatens,
756 2636 906 2701 scientiam,
958 2632 1108 2689 Praedictis
1120 2648 1223 2735 qtnppe
1233 2635 1513 2705 argumentationibus
1534 2636 1673 2692 eodeetum
1689 2646 1747 2702 est,

117 2736 192 2794 quae
209 2722 262 2777 tria
277 2737 358 2777 unum
372 2731 440 2777 sunt.
460 2721 518 2778 Non
538 2723 610 2779 enim
628 2723 700 2779 aliud
720 2732 763 2780 est
784 2727 909 2783 rationali
958 2722 1248 2792 omnipotentissimam
1262 2723 1381 2778 divinam
1401 2724 1660 2794 voluntatem,·quae
1674 2725 1746 2779 nullu

13 2821 18 2830 ”
115 2811 401 2877 neeesseetrelle,
411 2826 463 2867 nee
477 2812 550 2868 aliud
561 2813 640 2878 uelle,
654 2823 683 2868 et
692 2815 772 2880 scire,
786 2816 834 2871 sed
849 2831 910 2873 essa
959 2811 1018 2882 lege
1041 2820 1195 2879 coartatur,
1222 2827 1273 2867 nee
1300 2811 1456 2882 impeditur,
1479 2813 1604 2869 debuisse
1620 2812 1746 2869 uolunta·

114 2902 175 2973 aius
189 2901 316 2958 rannus
326 2901 424 2969 sciens,
437 2909 466 2958 et
478 2902 604 2959 uoluntas
613 2903 672 2975 ejus
678 2905 797 2961 essentia
807 2908 907 2973 sciens,
959 2908 1012 2955 tent
1024 2900 1066 2954 sui
1079 2900 1305 2965 similemereare,
1313 2916 1382 2971 quae
1394 2902 1513 2957 aeternis
1525 2901 1748 2971 legibuscrcatri·

114 3002 143 3051 et
160 2994 275 3051 suenda
293 2994 353 3064 ejus
368 2994 462 3051 uolent
473 2994 590 3050 essentia
603 3003 655 3051 εει.
958 2990 998 3046 cis
1011 3000 1159 3062 regeretur,
1172 2990 1245 3045 nulla
1259 2991 1286 3045 ti
1299 2992 1334 3046 ab
1348 2991 1460 3061 agendo,
1476 2991 1541 3062 quid
1565 2992 1659 3064 uellet,
1674 3001 1748 3048 arta·

150 3082 183 3137 ll.
202 3082 378 3183 1¹me
400 3082 452 3137 tria
473 3098 556 3137 unum
577 3091 650 3150 sunt,
674 3091 702 3140 ut
723 3099 776 3139 unu
799 3094 906 3141 natum.
958 3087 1048 3144 retur,
1063 3078 1105 3134 tel
1117 3080 1151 3135 ad
1165 3081 1313 3151 agendum,
1328 3079 1512 3150 quudnollet,
1530 3080 1756 3151 compelleretur.¹

115 3170 185 3227 ‘lota
199 3170 297 3227 dende
315 3185 424 3229 amram
437 3171 671 3228 naturatnlantas
686 3180 737 3228 est.
754 3172 806 3229 Sed
820 3175 908 3230 cousi·
959 3169 1094 3241 Quidquid
1117 3170 1190 3227 enim
1213 3170 1302 3227 lacere
1324 3170 1481 3237 maluisset,
1504 3172 1561 3226 sire
1585 3172 1665 3238 boni,
1690 3173 1748 3229 site

115 3261 282 3327 derandum,
297 3266 391 3316 utrum
402 3275 435 3317 ea
449 3261 584 3328 νοιεειεε,
597 3261 668 3318 sicut
680 3262 840 3321 naturaliter
853 3247 905 3332 est,
921 3251 944 3315 C
959 3259 1033 3325 mali,
1047 3259 1273 3330 sapientissimam
1283 3260 1423 3316 creatricis
1436 3274 1501 3316 suae
1512 3259 1680 3330 disciplinam
1692 3274 1747 3316 nnn

113 3352 150 3407 ita
165 3351 253 3407 libera
266 3358 309 3407 εει
321 3350 492 3420 naturaliter,
505 3367 541 3408 an
551 3360 668 3420 tanturm
680 3361 710 3409 ut
723 3353 847 3411 roiutttas
859 3355 906 3421 sit,
958 3349 1114 3416 excederet,
1126 3364 1195 3420 quae
1206 3363 1300 3406 omnes
1314 3358 1401 3405 motus
1412 3348 1514 3404 liberae
1525 3347 1680 3414 voluntatis,
1689 3347 1748 3404 site

113 3456 145 3497 ex
160 3449 260 3496 natura
274 3440 384 3507 babeat,
397 3449 429 3496 ut
443 3449 534 3497 autem
548 3442 644 3508 libera,
658 3456 693 3498 ex
708 3443 780 3499 dono
796 3443 907 3500 Creato-
958 3450 1058 3498 rectos.
1071 3442 1127 3497 sive
1141 3455 1294 3511 perversus,
1307 3439 1434 3511 conqmis
1445 3438 1586 3497 ordinibus
1598 3439 1746 3509 exciperet.

112 3532 160 3588 ris.
172 3529 245 3586 unu
259 3530 429 3587 animemus
443 3528 542 3586 bonum
563 3539 612 3586 aut
630 3531 702 3589 licus
720 3534 777 3604 ipse
788 3544 846 3601 εει,
861 3544 908 3591 εει
958 3533 1017 3589 Non
1035 3533 1108 3588 enim
1127 3531 1279 3588 credendus
1294 3540 1336 3586 εει
1355 3530 1539 3587 uniuersitatis
1566 3528 1689 3586 conditor
1704 3546 1749 3585 ra·

111 3620 246 3691 quidquid
259 3619 294 3675 ab
307 3635 341 3675 eo
353 3629 412 3688 est,
424 3635 480 3676 non
492 3630 581 3676 umen
593 3622 685 3677 omnia
697 3623 778 3690 bona,
789 3639 859 3696 quae
873 3628 907 3683 nb
958 3623 1086 3680 tionalem
1103 3622 1267 3678 voluntatem
1284 3619 1382 3677 iecisse
1396 3619 1533 3677 seruilem.
1547 3619 1591 3674 An
1607 3620 1678 3675 sorte
1692 3634 1748 3675 non

109 3723 144 3764 eo
163 3717 246 3775 sunt,
261 3708 358 3764 εεᾱειε
374 3706 455 3764 modo
471 3708 506 3764 ab
519 3723 552 3764 eo
565 3710 623 3765 lieri
641 3710 765 3768 dicimus.
780 3712 906 3771 Ouinium
957 3722 1001 3769 est
1019 3704 1126 3768 bomini
1144 3710 1357 3775 substantialiter
1378 3709 1466 3766 ratini
1487 3690 1680 3777 Qus'itiieai
1694 3709 1748 3765 boc

105 3797 216 3871 qnippe
227 3798 374 3866 bonorum,
389 3813 460 3869 quae
477 3799 678 3865 lleuscreauit,
692 3803 823 3871 quaedam
844 3812 907 3859 sum
957 3803 1058 3867 dicere,
1082 3818 1143 3857 cnm
1166 3802 1202 3856 sit
1222 3815 1288 3856 tera
1308 3800 1424 3855 bominis
1447 3798 1579 3865 delinitio,
1601 3798 1682 3854 bomo
1704 3806 1748 3853 est

89 3870 460 3960 Wffinimmquacdam
473 3902 538 3944 tero
550 3886 608 3956 ejus
625 3888 844 3960 lamentamus
857 3908 905 3947 au·
957 3892 1107 3948 substantia
1131 3888 1279 3955 rationalis,
1299 3888 1446 3958 sapientiae
1466 3887 1566 3958 capnxl
1589 3886 1659 3954 Quin
1681 3900 1747 3955 erqo

103 3992 166 4041 tem
186 3982 225 4037 ab
244 3982 330 4053 ipsius
348 3981 469 4038 bonitate
493 3980 575 4046 liunt,
595 3981 808 4038 substantialiter
827 3984 905 4051 dunt,
957 3983 1066 4048 mirum,
1081 3982 1215 4036 humanae
1227 3979 1357 4035 voluntati
1370 3995 1404 4034 ex
1416 3987 1512 4033 natura
1526 3979 1567 4035 sui
1585 3993 1646 4036 esse
1663 3962 1747 4037 dlu-

100 4089 171 4131 cnm
187 4070 319 4127 omnibns
331 4072 527 4137 accidentibus,
542 4086 612 4142 quae
621 4072 662 4128 eis
680 4073 840 4130 naturaliter
859 4075 906 4130 ad·
958 4068 1040 4127 tatem
1051 4110 1059 4136 ,
1071 4085 1134 4127 cum
1153 4069 1254 4125 nonsit
1269 4068 1384 4135 mirum,
1403 4083 1436 4124 ea
1454 4068 1515 4125 lieri
1529 4069 1679 4126 rationem?
1691 4071 1747 4127 dut

98 4166 248 4227 baereat,
262 4168 294 4216 ut
308 4170 371 4217 sunt
385 4162 539 4233 qualitates,
553 4163 735 4234 quantitates,
749 4163 904 4233 relationes,
957 4161 1091 4233 quomodo
1114 4160 1173 4216 lieri
1187 4160 1276 4230 potuit
1297 4168 1395 4215 nutura
1419 4159 1525 4216 servilis
1546 4161 1682 4228 noluntas,
1701 4162 1747 4219 cul

100 4256 196 4318 situs,
208 4249 331 4316 babitus,
347 4250 416 4315 loca,
440 4258 571 4321 tempora,
593 4267 683 4325 agere,
696 4254 769 4324 pati;
789 4271 843 4326 qun
856 4252 906 4311 nu·
956 4252 1055 4307 merito
1074 4251 1244 4307 obedientiae
1265 4252 1431 4322 promittitur
1453 4250 1497 4306 illa
1512 4251 1602 4307 lutura
1622 4253 1744 4320 libertas,

10 4408 11 4413 η
102 4357 191 4402 mero
205 4339 320 4395 denario
340 4346 369 4394 et
385 4340 904 4411 omniscreatasubstantia,etnmnia
956 4344 1084 4413 qnoniam
1106 4357 1159 4397 non
1179 4342 1231 4397 erit
1248 4342 1376 4412 peccandi
1397 4341 1547 4410 cupiditas?
1570 4340 1649 4396 Nullo
1671 4342 1745 4396 enim

100 4436 123 4492 e
155 4429 328 4487 naturane
340 4429 486 4485 renuentia
498 4432 691 4503 cumprehendi
712 4444 835 4505 ponunt
850 4437 906 4495 uec
955 4440 1035 4504 pactu
1054 4432 1125 4487 oeus
1143 4430 1272 4495 destruit.
1294 4433 1365 4500 quun
1388 4431 1414 4485 tu
1438 4438 1533 4485 nutura
1554 4430 1670 4497 erevit,
1696 4431 1746 4488 ssu

100 4540 162 4582 uos
180 4529 305 4583 mereat,
326 4520 350 4574 si
363 4520 483 4576 dicantur
495 4523 644 4579 accidentia
657 4524 668 4557 ⁸
680 4531 822 4595 quaedam,
836 4545 906 4600 qtrae
956 4524 1088 4597 quaedam
1098 4524 1168 4580 bona
1179 4521 1319 4584 naturalia,
1333 4536 1403 4593 quae
1415 4519 1544 4587 condidit,
1553 4521 1580 4577 in
1592 4522 1687 4580 melius
1697 4538 1744 4579 ca·

100 4632 136 4675 a
153 4618 264 4669 natura
275 4622 326 4663 non
337 4617 408 4665 sunt.
419 4609 558 4666 Nunertim
568 4621 631 4667 sunt
641 4626 705 4669 rere
720 4617 868 4674 accidentia
881 4620 903 4688 ⁸,
957 4614 1019 4670 dem
1030 4615 1178 4682 convertit,
1192 4628 1245 4670 nun
1264 4620 1294 4668 ut
1308 4611 1342 4667 ab
1355 4613 1406 4679 eis,
1417 4611 1489 4682 quod
1502 4611 1576 4678 lecit,
1591 4623 1680 4681 eruat,
1694 4615 1744 4670 aed

103 4704 157 4763 ted
179 4698 347 4754 naturalium
367 4698 545 4756 accidentium
564 4710 611 4756 aut
624 4702 771 4771 absentiae,
792 4718 839 4764 aut
859 4711 903 4767 dc·
958 4711 987 4758 ¹¹¹
1001 4703 1050 4767 05⁸.
1064 4703 1134 4773 ‘1¹¹⁰d
1148 4702 1358 4769 addessswllllit
1373 4702 1492 4773 difficili·

106 4794 218 4853 tatus,
231 4785 312 4841 idest
326 4786 520 4858 cormptinnes.
539 4787 614 4856 Quae
625 4805 691 4847 tero
705 4793 829 4864 largitata
841 4812 906 4855 eon·
993 4794 1026 4849 ll.
1047 4795 1176 4864 Exemplo
1195 4796 1230 4850 sit
1251 4810 1349 4865 corpus
1368 4795 1487 4850 bominis
1506 4803 1571 4850 ante
1590 4806 1743 4865 peccatum,

110 4879 215 4938 ιὶιοήε
230 4876 355 4941 veniunt,
369 4875 491 4946 proiecto
502 4878 573 4933 dona
588 4877 648 4947 eins
662 4882 841 4952 appellantur,
856 4903 906 4944 nee
958 4886 1107 4957 quoderat
1126 4886 1241 4956 primum
1262 4886 1387 4951 animale,
1408 4886 1503 4942 deinde
1524 4885 1644 4942 futurum
1666 4890 1744 4959 spiri·

115 4972 198 5029 aliter
211 4966 284 5023 credi
298 4975 414 5038 oportet,
431 4966 557 5038 quoniam
578 4970 686 5039 quidem
707 4975 759 5029 tria
773 4978 905 5046 quaedam
960 4974 1031 5031 tualn
1057 4975 1153 5030 merito
1176 4974 1359 5040 obedientiae,
1381 4973 1453 5029 nuda
1473 4975 1631 5047 interposita
1644 4986 1744 5036 morte.

118 5057 237 5128 intelligi
252 5071 362 5113 neccsse
373 5065 416 5112 εει
440 5057 468 5110 in
484 5058 557 5112 omni
571 5058 688 5115 donandi
702 5071 775 5129 actu,
788 5065 833 5134 qni
849 5065 904 5134 dat,
955 5064 1011 5120 dur
1022 5036 1137 5136 primurn
1156 5061 1291 5119 animale?
1307 5062 1348 5116 An
1362 5062 1425 5133 quia
1443 5064 1532 5119 adbuc
1545 5064 1654 5133 deerat,
1671 5068 1744 5137 quod

122 5148 193 5220 quod
203 5148 294 5210 datur,
309 5146 353 5201 etti
367 5146 455 5200 datur.
955 5156 980 5209 ei
994 5163 1104 5226 propter
1120 5152 1254 5225 praecepti
1267 5154 1416 5210 custodiam
1430 5153 1518 5210 luerat
1532 5156 1698 5221 addendum,
1716 5157 1744 5213 id

156 5235 334 5358 fflffle
344 5236 416 5292 [leus
429 5222 549 5292 omnium
563 5235 652 5308 opilea
671 5240 759 5308 primo
771 5244 904 5299 universi·
956 5253 998 5300 est
1013 5243 1162 5314 spirituale,
1177 5257 1210 5298 ac
1229 5258 1277 5315 per
1286 5244 1338 5299 hoe
1350 5257 1384 5299 εε
1396 5257 1439 5310 eo,
1454 5243 1525 5315 quod
1539 5243 1664 5313 aliquida
1678 5258 1741 5314 per-

752 5353 879 5409 lellAE
897 5353 1097 5410 luctuosius.

160 5440 301 5497 *siccae
337 5439 525 5504 ‘multatione
551 5438 712 5509 sicubique.
748 5440 836 5497 'Cnd
860 5444 1019 5497 accedentia.
1059 5441 1200 5497 ‘Siccod
1239 5442 1309 5497 'Sic
1336 5441 1413 5505 cnut,
1445 5440 1480 5495 tl.
1496 5442 1629 5497 rationali.
1667 5440 1739 5499 “Sic

127 5512 194 5571 rod..
210 5512 242 5566 li.
258 5520 296 5566 eet
309 5510 544 5565 considerandum.
574 5510 648 5576 ,⁷Sic
661 5510 733 5572 eod,
745 5509 779 5563 ll.
806 5513 839 5564 ad
862 5528 949 5582 marg.
967 5513 1070 5577 adsen,
1087 5511 1155 5565 burte
1176 5512 1354 5577 institutione,·
1375 5511 1422 5566 sed
1442 5511 1552 5576 frustra,
1578 5525 1640 5566 nam
1659 5509 1739 5569 lectio

127 5582 348 5636 annullationem
367 5581 418 5635 hoe
437 5578 497 5634 loeo
519 5588 558 5649 ,ει
580 5580 660 5649 paulo
679 5586 740 5649 post
760 5580 899 5634 retinenda
922 5591 972 5635 est.

161 5769 174 5799 ι
192 5757 331 5829 brigantia.
347 5755 367 5809 l.
380 5754 399 5809 l.
411 5754 444 5819 ll,
457 5754 493 5811 20
506 5755 593 5811 initio.
856 5656 982 5725 NOTAE·
1007 5758 1020 5798 b
1039 5756 1181 5829 aliquantu.
1198 5760 1315 5832 Confert.
1331 5757 1401 5825 ltltt,
1418 5759 1459 5813 lt.

319 5850 457 5911 Parnon.
478 5846 609 5911 exilit.
1465 5849 1502 5910 13
